pairs,datetime,orderbook,price,amounts
BTCXRP,"2022-03-01, 18:31:51",ask,56001.12,0.0069
BTCXRP,"2022-03-01, 18:31:51",ask,56003.35,0.0039
BTCXRP,"2022-03-01, 18:31:51",ask,56207.78,0.0005
BTCXRP,"2022-03-01, 18:31:51",ask,56249.65,1.4051
BTCXRP,"2022-03-01, 18:31:51",ask,56274.63,0.1776
BTCXRP,"2022-03-01, 18:31:51",ask,56281.12,0.0138
BTCXRP,"2022-03-01, 18:31:51",ask,56283.36,0.0078
BTCXRP,"2022-03-01, 18:31:51",ask,56317.6,0.0055
BTCXRP,"2022-03-01, 18:31:51",ask,56326.08,0.0006
BTCXRP,"2022-03-01, 18:31:51",ask,56438.02,0.0006
BTCXRP,"2022-03-01, 18:31:51",ask,56468.45,0.0055
BTCXRP,"2022-03-01, 18:31:51",ask,56488.82,0.0005
BTCXRP,"2022-03-01, 18:31:51",ask,56550.18,0.0006
BTCXRP,"2022-03-01, 18:31:51",ask,56619.7,0.0055
BTCXRP,"2022-03-01, 18:31:51",ask,56662.56,0.0006
BTCXRP,"2022-03-01, 18:31:51",ask,56771.36,0.0055
BTCXRP,"2022-03-01, 18:31:51",ask,56775.16,0.0006
BTCXRP,"2022-03-01, 18:31:51",ask,56887.99,0.0006
BTCXRP,"2022-03-01, 18:31:51",ask,56923.42,0.0055
BTCXRP,"2022-03-01, 18:31:51",ask,57001.05,0.0006
BTCXRP,"2022-03-01, 18:31:51",ask,57053.71,0.001
BTCXRP,"2022-03-01, 18:31:51",ask,57075.9,0.0055
BTCXRP,"2022-03-01, 18:31:51",ask,57114.33,0.0006
BTCXRP,"2022-03-01, 18:31:51",ask,57130.44,0.0555
BTCXRP,"2022-03-01, 18:31:51",ask,57225.65,0.0007
BTCXRP,"2022-03-01, 18:31:51",ask,57227.84,0.0006
BTCXRP,"2022-03-01, 18:31:51",ask,57228.78,0.0054
BTCXRP,"2022-03-01, 18:31:51",ask,57341.57,0.0006
BTCXRP,"2022-03-01, 18:31:51",ask,57382.07,0.0114
BTCXRP,"2022-03-01, 18:31:51",ask,57455.53,0.0006
BTCXRP,"2022-03-01, 18:31:51",ask,57513.22,0.0007
BTCXRP,"2022-03-01, 18:31:51",ask,57535.76,0.006
BTCXRP,"2022-03-01, 18:31:51",ask,57569.71,0.0006
BTCXRP,"2022-03-01, 18:31:51",ask,57671.92,0.0016
BTCXRP,"2022-03-01, 18:31:51",ask,57684.11,0.0006
BTCXRP,"2022-03-01, 18:31:51",ask,57689.87,0.006
BTCXRP,"2022-03-01, 18:31:51",ask,57844.4,0.006
BTCXRP,"2022-03-01, 18:31:51",ask,57999.33,0.006
BTCXRP,"2022-03-01, 18:31:51",ask,58154.69,0.006
BTCXRP,"2022-03-01, 18:31:51",ask,58310.47,0.006
BTCXRP,"2022-03-01, 18:31:51",ask,58466.64,0.006
BTCXRP,"2022-03-01, 18:31:51",ask,58469.23,0.0016
BTCXRP,"2022-03-01, 18:31:51",ask,58623.26,0.006
BTCXRP,"2022-03-01, 18:31:51",ask,58780.28,0.006
BTCXRP,"2022-03-01, 18:31:51",ask,58937.72,0.0113
BTCXRP,"2022-03-01, 18:31:51",ask,59095.59,0.006
BTCXRP,"2022-03-01, 18:31:51",ask,59253.88,0.0219
BTCXRP,"2022-03-01, 18:31:51",ask,59277.56,0.0016
BTCXRP,"2022-03-01, 18:31:51",ask,59412.59,0.0112
BTCXRP,"2022-03-01, 18:31:51",ask,59423.73,0.0054
BTCXRP,"2022-03-01, 18:31:51",ask,59571.73,0.006
BTCXRP,"2022-03-01, 18:31:51",ask,59644.6,0.0012
BTCXRP,"2022-03-01, 18:31:51",ask,59731.3,0.006
BTCXRP,"2022-03-01, 18:31:51",ask,59891.29,0.006
BTCXRP,"2022-03-01, 18:31:51",ask,60051.71,0.0112
BTCXRP,"2022-03-01, 18:31:51",ask,60097.07,0.0015
BTCXRP,"2022-03-01, 18:31:51",ask,60212.56,0.0112
BTCXRP,"2022-03-01, 18:31:51",ask,60373.85,0.006
BTCXRP,"2022-03-01, 18:31:51",ask,60535.55,0.0111
BTCXRP,"2022-03-01, 18:31:51",ask,60697.7,0.006
BTCXRP,"2022-03-01, 18:31:51",ask,60860.29,0.0111
BTCXRP,"2022-03-01, 18:31:51",ask,60927.9,0.0015
BTCXRP,"2022-03-01, 18:31:51",ask,61023.3,0.006
BTCXRP,"2022-03-01, 18:31:51",ask,61186.76,0.0111
BTCXRP,"2022-03-01, 18:31:51",ask,61350.65,0.0111
BTCXRP,"2022-03-01, 18:31:51",ask,61514.97,0.0111
BTCXRP,"2022-03-01, 18:31:51",ask,61619.1,0.0059
BTCXRP,"2022-03-01, 18:31:51",ask,61679.75,0.006
BTCXRP,"2022-03-01, 18:31:51",ask,61770.22,0.0015
BTCXRP,"2022-03-01, 18:31:51",ask,61844.96,0.006
BTCXRP,"2022-03-01, 18:31:51",ask,62010.61,0.011
BTCXRP,"2022-03-01, 18:31:51",ask,62176.71,0.011
BTCXRP,"2022-03-01, 18:31:51",ask,62343.25,0.006
BTCXRP,"2022-03-01, 18:31:51",ask,62386.46,0.0059
BTCXRP,"2022-03-01, 18:31:51",ask,62503.51,0.0015
BTCXRP,"2022-03-01, 18:31:51",ask,62510.25,0.006
BTCXRP,"2022-03-01, 18:31:51",ask,62543.37,0.0015
BTCXRP,"2022-03-01, 18:31:51",ask,62624.2,0.0015
BTCXRP,"2022-03-01, 18:31:51",ask,62671.65,0.0005
BTCXRP,"2022-03-01, 18:31:51",ask,62677.68,0.006
BTCXRP,"2022-03-01, 18:31:51",ask,62713.75,0.0005
BTCXRP,"2022-03-01, 18:31:51",ask,62845.57,0.006
BTCXRP,"2022-03-01, 18:31:51",ask,62893.66,0.0007
BTCXRP,"2022-03-01, 18:31:51",ask,63013.9,0.006
BTCXRP,"2022-03-01, 18:31:51",ask,63182.68,0.006
BTCXRP,"2022-03-01, 18:31:51",ask,63249.37,0.0008
BTCXRP,"2022-03-01, 18:31:51",ask,63351.92,0.0158
BTCXRP,"2022-03-01, 18:31:51",ask,63382.24,0.0006
BTCXRP,"2022-03-01, 18:31:51",ask,63489.98,0.0014
BTCXRP,"2022-03-01, 18:31:51",ask,63521.61,0.006
BTCXRP,"2022-03-01, 18:31:51",ask,63567.2,0.0008
BTCXRP,"2022-03-01, 18:31:51",ask,63691.76,0.006
BTCXRP,"2022-03-01, 18:31:51",ask,63794.22,0.0013
BTCXRP,"2022-03-01, 18:31:51",ask,63846.58,0.0008
BTCXRP,"2022-03-01, 18:31:51",ask,63862.36,0.006
BTCXRP,"2022-03-01, 18:31:51",ask,64033.41,0.006
BTCXRP,"2022-03-01, 18:31:51",ask,64084.38,0.0181
BTCXRP,"2022-03-01, 18:31:51",ask,64113.3,0.001
BTCXRP,"2022-03-01, 18:31:51",ask,64204.93,0.006
BTCXRP,"2022-03-01, 18:31:51",ask,64367.73,0.0014
BTCXRP,"2022-03-01, 18:31:51",ask,64435.47,0.0006
BTCXRP,"2022-03-01, 18:31:51",ask,64586.26,0.0124
BTCXRP,"2022-03-01, 18:31:51",ask,64662.3,0.0086
BTCXRP,"2022-03-01, 18:31:51",ask,64746.34,0.0067
BTCXRP,"2022-03-01, 18:31:51",ask,65067.65,0.0067
BTCXRP,"2022-03-01, 18:31:51",ask,65228.91,0.0123
BTCXRP,"2022-03-01, 18:31:51",ask,65257.61,0.0014
BTCXRP,"2022-03-01, 18:31:51",ask,65315.45,0.0043
BTCXRP,"2022-03-01, 18:31:51",ask,65390.57,0.0179
BTCXRP,"2022-03-01, 18:31:51",ask,65442.69,0.0031
BTCXRP,"2022-03-01, 18:31:51",ask,65552.64,0.0067
BTCXRP,"2022-03-01, 18:31:51",ask,65715.09,0.0067
BTCXRP,"2022-03-01, 18:31:51",ask,65877.96,0.0067
BTCXRP,"2022-03-01, 18:31:51",ask,66041.22,0.0122
BTCXRP,"2022-03-01, 18:31:51",ask,66159.8,0.0014
BTCXRP,"2022-03-01, 18:31:51",ask,66204.9,0.0067
BTCXRP,"2022-03-01, 18:31:51",ask,66368.97,0.0122
BTCXRP,"2022-03-01, 18:31:51",ask,66533.46,0.0067
BTCXRP,"2022-03-01, 18:31:51",ask,66677.82,0.0137
BTCXRP,"2022-03-01, 18:31:51",ask,67029.35,0.0122
BTCXRP,"2022-03-01, 18:31:51",ask,67074.45,0.0014
BTCXRP,"2022-03-01, 18:31:51",ask,68001.74,0.0006
BTCXRP,"2022-03-01, 18:31:51",ask,68941.86,0.0013
BTCXRP,"2022-03-01, 18:31:51",ask,68970.36,0.0435
BTCXRP,"2022-03-01, 18:31:51",ask,69451.52,0.0073
BTCXRP,"2022-03-01, 18:31:51",ask,69733.92,0.0236
BTCXRP,"2022-03-01, 18:31:51",ask,69800.52,0.0346
BTCXRP,"2022-03-01, 18:31:51",ask,69898.22,0.0204
BTCXRP,"2022-03-01, 18:31:51",ask,71954.39,0.0181
BTCXRP,"2022-03-01, 18:31:51",ask,93646.01,0.0046
BTCXRP,"2022-03-01, 18:31:51",ask,103711.15,0.0065
BTCXRP,"2022-03-01, 18:31:51",ask,113091.73,0.0007
BTCXRP,"2022-03-01, 18:31:51",ask,113325.77,0.0284
BTCXRP,"2022-03-01, 18:31:51",ask,113583.62,0.0359
BTCXRP,"2022-03-01, 18:31:51",ask,138450.68,0.0012
BTCXRP,"2022-03-01, 18:31:51",ask,149191.1,0.1611
BTCXRP,"2022-03-01, 18:31:51",bid,55879.81,0.0006
BTCXRP,"2022-03-01, 18:31:51",bid,55793.34,0.0056
BTCXRP,"2022-03-01, 18:31:51",bid,55768.98,0.0006
BTCXRP,"2022-03-01, 18:31:51",bid,55762.14,0.0425
BTCXRP,"2022-03-01, 18:31:51",bid,55728.64,0.0106
BTCXRP,"2022-03-01, 18:31:51",bid,55658.37,0.0006
BTCXRP,"2022-03-01, 18:31:51",bid,55644.3,0.0056
BTCXRP,"2022-03-01, 18:31:51",bid,55547.97,0.0006
BTCXRP,"2022-03-01, 18:31:51",bid,55495.66,0.2697
BTCXRP,"2022-03-01, 18:31:51",bid,55495.65,0.0056
BTCXRP,"2022-03-01, 18:31:51",bid,55493.89,0.1801
BTCXRP,"2022-03-01, 18:31:51",bid,55483.32,0.09
BTCXRP,"2022-03-01, 18:31:51",bid,55449.99,0.0212
BTCXRP,"2022-03-01, 18:31:51",bid,55437.79,0.0006
BTCXRP,"2022-03-01, 18:31:51",bid,55347.4,0.0056
BTCXRP,"2022-03-01, 18:31:51",bid,55341.28,0.0006
BTCXRP,"2022-03-01, 18:31:51",bid,55327.83,0.0006
BTCXRP,"2022-03-01, 18:31:51",bid,55218.09,0.0006
BTCXRP,"2022-03-01, 18:31:51",bid,55199.54,0.0056
BTCXRP,"2022-03-01, 18:31:51",bid,55170.95,0.0091
BTCXRP,"2022-03-01, 18:31:51",bid,55108.58,0.0006
BTCXRP,"2022-03-01, 18:31:51",bid,55074.26,0.0014
BTCXRP,"2022-03-01, 18:31:51",bid,55052.09,0.0056
BTCXRP,"2022-03-01, 18:31:51",bid,54999.27,0.0006
BTCXRP,"2022-03-01, 18:31:51",bid,54984.82,0.0036
BTCXRP,"2022-03-01, 18:31:51",bid,54905.02,0.0056
BTCXRP,"2022-03-01, 18:31:51",bid,54890.18,0.0006
BTCXRP,"2022-03-01, 18:31:51",bid,54781.31,0.0006
BTCXRP,"2022-03-01, 18:31:51",bid,54758.35,0.0057
BTCXRP,"2022-03-01, 18:31:51",bid,54672.65,0.0006
BTCXRP,"2022-03-01, 18:31:51",bid,54612.07,0.0057
BTCXRP,"2022-03-01, 18:31:51",bid,54564.22,0.0006
BTCXRP,"2022-03-01, 18:31:51",bid,54466.18,0.0057
BTCXRP,"2022-03-01, 18:31:51",bid,54456.0,0.0006
BTCXRP,"2022-03-01, 18:31:51",bid,54440.42,0.0017
BTCXRP,"2022-03-01, 18:31:51",bid,54420.13,0.0122
BTCXRP,"2022-03-01, 18:31:51",bid,54404.0,0.0052
BTCXRP,"2022-03-01, 18:31:51",bid,54347.99,0.0006
BTCXRP,"2022-03-01, 18:31:51",bid,54320.68,0.0057
BTCXRP,"2022-03-01, 18:31:51",bid,54275.59,0.0012
BTCXRP,"2022-03-01, 18:31:51",bid,54240.2,0.0006
BTCXRP,"2022-03-01, 18:31:51",bid,54175.57,0.0057
BTCXRP,"2022-03-01, 18:31:51",bid,54132.62,0.0006
BTCXRP,"2022-03-01, 18:31:51",bid,54030.84,0.0057
BTCXRP,"2022-03-01, 18:31:51",bid,54025.25,0.0006
BTCXRP,"2022-03-01, 18:31:51",bid,53918.1,0.0006
BTCXRP,"2022-03-01, 18:31:51",bid,53888.65,0.0009
BTCXRP,"2022-03-01, 18:31:51",bid,53886.51,0.0058
BTCXRP,"2022-03-01, 18:31:51",bid,53811.16,0.0006
BTCXRP,"2022-03-01, 18:31:51",bid,53755.83,0.0009
BTCXRP,"2022-03-01, 18:31:51",bid,53742.55,0.0058
BTCXRP,"2022-03-01, 18:31:51",bid,53704.43,0.0006
BTCXRP,"2022-03-01, 18:31:51",bid,53598.99,0.0058
BTCXRP,"2022-03-01, 18:31:51",bid,53597.92,0.0006
BTCXRP,"2022-03-01, 18:31:51",bid,53567.16,0.0005
BTCXRP,"2022-03-01, 18:31:51",bid,53491.61,0.0006
BTCXRP,"2022-03-01, 18:31:51",bid,53455.8,0.0058
BTCXRP,"2022-03-01, 18:31:51",bid,53385.52,0.0006
BTCXRP,"2022-03-01, 18:31:51",bid,53313.0,0.0058
BTCXRP,"2022-03-01, 18:31:51",bid,53279.63,0.0006
BTCXRP,"2022-03-01, 18:31:51",bid,53173.96,0.0006
BTCXRP,"2022-03-01, 18:31:51",bid,53170.58,0.0058
BTCXRP,"2022-03-01, 18:31:51",bid,53068.49,0.0006
BTCXRP,"2022-03-01, 18:31:51",bid,53028.54,0.0058
BTCXRP,"2022-03-01, 18:31:51",bid,52963.24,0.0006
BTCXRP,"2022-03-01, 18:31:51",bid,52886.88,0.0059
BTCXRP,"2022-03-01, 18:31:51",bid,52858.19,0.0006
BTCXRP,"2022-03-01, 18:31:51",bid,52753.35,0.0006
BTCXRP,"2022-03-01, 18:31:51",bid,52745.6,0.0059
BTCXRP,"2022-03-01, 18:31:51",bid,52648.72,0.0006
BTCXRP,"2022-03-01, 18:31:51",bid,52604.7,0.0059
BTCXRP,"2022-03-01, 18:31:51",bid,52556.45,0.0007
BTCXRP,"2022-03-01, 18:31:51",bid,52544.3,0.0006
BTCXRP,"2022-03-01, 18:31:51",bid,52464.17,0.0059
BTCXRP,"2022-03-01, 18:31:51",bid,52463.77,0.0014
BTCXRP,"2022-03-01, 18:31:51",bid,52440.09,0.0006
BTCXRP,"2022-03-01, 18:31:51",bid,52324.02,0.0059
BTCXRP,"2022-03-01, 18:31:51",bid,52184.24,0.0059
BTCXRP,"2022-03-01, 18:31:51",bid,52044.84,0.006
BTCXRP,"2022-03-01, 18:31:51",bid,51917.32,0.001
BTCXRP,"2022-03-01, 18:31:51",bid,51913.72,0.0009
BTCXRP,"2022-03-01, 18:31:51",bid,51905.81,0.006
BTCXRP,"2022-03-01, 18:31:51",bid,51767.15,0.006
BTCXRP,"2022-03-01, 18:31:51",bid,51628.86,0.006
BTCXRP,"2022-03-01, 18:31:51",bid,51490.94,0.006
BTCXRP,"2022-03-01, 18:31:51",bid,51353.38,0.006
BTCXRP,"2022-03-01, 18:31:51",bid,51303.91,0.0005
BTCXRP,"2022-03-01, 18:31:51",bid,51216.2,0.0061
BTCXRP,"2022-03-01, 18:31:51",bid,51079.38,0.0061
BTCXRP,"2022-03-01, 18:31:51",bid,50985.8,0.0006
BTCXRP,"2022-03-01, 18:31:51",bid,50980.98,0.0006
BTCXRP,"2022-03-01, 18:31:51",bid,50942.93,0.0061
BTCXRP,"2022-03-01, 18:31:51",bid,50806.84,0.0061
BTCXRP,"2022-03-01, 18:31:51",bid,50732.14,0.0006
BTCXRP,"2022-03-01, 18:31:51",bid,50671.12,0.0061
BTCXRP,"2022-03-01, 18:31:51",bid,50535.76,0.0061
BTCXRP,"2022-03-01, 18:31:51",bid,50465.09,0.0007
BTCXRP,"2022-03-01, 18:31:51",bid,50400.75,0.0058
BTCXRP,"2022-03-01, 18:31:51",bid,50400.48,0.0067
BTCXRP,"2022-03-01, 18:31:51",bid,50387.99,0.0162
BTCXRP,"2022-03-01, 18:31:51",bid,50371.36,0.0009
BTCXRP,"2022-03-01, 18:31:51",bid,50266.11,0.0062
BTCXRP,"2022-03-01, 18:31:51",bid,50131.83,0.0062
BTCXRP,"2022-03-01, 18:31:51",bid,50126.29,0.0005
BTCXRP,"2022-03-01, 18:31:51",bid,49997.91,0.0062
BTCXRP,"2022-03-01, 18:31:51",bid,49997.27,0.0135
BTCXRP,"2022-03-01, 18:31:51",bid,49984.47,0.0005
BTCXRP,"2022-03-01, 18:31:51",bid,49864.35,0.0062
BTCXRP,"2022-03-01, 18:31:51",bid,49760.96,0.0217
BTCXRP,"2022-03-01, 18:31:51",bid,49748.53,0.0135
BTCXRP,"2022-03-01, 18:31:51",bid,49731.14,0.0062
BTCXRP,"2022-03-01, 18:31:51",bid,49598.29,0.0063
BTCXRP,"2022-03-01, 18:31:51",bid,49563.59,0.0005
BTCXRP,"2022-03-01, 18:31:51",bid,49465.8,0.0063
BTCXRP,"2022-03-01, 18:31:51",bid,49333.65,0.0063
BTCXRP,"2022-03-01, 18:31:51",bid,49283.86,0.0006
BTCXRP,"2022-03-01, 18:31:51",bid,49201.87,0.0063
BTCXRP,"2022-03-01, 18:31:51",bid,48586.56,0.0005
BTCXRP,"2022-03-01, 18:31:51",bid,48534.1,0.0006
BTCXRP,"2022-03-01, 18:31:51",bid,48037.29,0.0005
BTCXRP,"2022-03-01, 18:31:51",bid,47452.97,0.001
BTCXRP,"2022-03-01, 18:31:51",bid,47452.2,0.0008
BTCXRP,"2022-03-01, 18:31:51",bid,47399.49,0.0017
BTCXRP,"2022-03-01, 18:31:51",bid,46753.13,0.0019
BTCXRP,"2022-03-01, 18:31:51",bid,46349.43,0.0022
BTCXRP,"2022-03-01, 18:31:51",bid,46115.59,0.0019
BTCXRP,"2022-03-01, 18:31:51",bid,45882.49,0.0018
BTCXRP,"2022-03-01, 18:31:51",bid,45663.38,0.0006
BTCXRP,"2022-03-01, 18:31:51",bid,45486.74,0.002
BTCXRP,"2022-03-01, 18:31:51",bid,45310.85,0.0006
BTCXRP,"2022-03-01, 18:31:51",bid,45192.3,0.0012
BTCXRP,"2022-03-01, 18:31:51",bid,44987.99,0.0012
BTCXRP,"2022-03-01, 18:31:51",bid,44866.46,0.002
BTCXRP,"2022-03-01, 18:31:51",bid,44765.18,0.0005
BTCXRP,"2022-03-01, 18:31:51",bid,44716.78,0.0007
BTCXRP,"2022-03-01, 18:31:51",bid,44565.85,0.0009
BTCXRP,"2022-03-01, 18:31:51",bid,44406.89,0.0015
BTCXRP,"2022-03-01, 18:31:51",bid,44309.03,0.001
BTCXRP,"2022-03-01, 18:31:51",bid,44254.65,0.002
BTCXRP,"2022-03-01, 18:31:51",bid,44216.89,0.0015
BTCXRP,"2022-03-01, 18:31:51",bid,43939.21,0.0024
BTCXRP,"2022-03-01, 18:31:51",bid,43720.61,0.0024
BTCXRP,"2022-03-01, 18:31:51",bid,43651.18,0.0021
BTCXRP,"2022-03-01, 18:31:51",bid,43643.44,0.0005
BTCXRP,"2022-03-01, 18:31:51",bid,43315.12,0.004
BTCXRP,"2022-03-01, 18:31:51",bid,43310.79,0.0032
BTCXRP,"2022-03-01, 18:31:51",bid,43055.93,0.0021
BTCXRP,"2022-03-01, 18:31:51",bid,42886.26,0.002
BTCXRP,"2022-03-01, 18:31:51",bid,42468.81,0.0021
BTCXRP,"2022-03-01, 18:31:51",bid,42258.68,0.0005
BTCXRP,"2022-03-01, 18:31:51",bid,42205.07,0.0007
BTCXRP,"2022-03-01, 18:31:51",bid,42086.75,0.0003
BTCXRP,"2022-03-01, 18:31:51",bid,42037.4,0.0009
BTCXRP,"2022-03-01, 18:31:51",bid,42034.36,0.0013
BTCXRP,"2022-03-01, 18:31:51",bid,41942.35,0.0011
BTCXRP,"2022-03-01, 18:31:51",bid,41937.84,0.0005
BTCXRP,"2022-03-01, 18:31:51",bid,41908.03,0.0009
BTCXRP,"2022-03-01, 18:31:51",bid,41781.65,0.0009
BTCXRP,"2022-03-01, 18:31:51",bid,41662.04,0.0009
BTCXRP,"2022-03-01, 18:31:51",bid,41474.19,0.0009
BTCXRP,"2022-03-01, 18:31:51",bid,41350.72,0.001
BTCXRP,"2022-03-01, 18:31:51",bid,41194.4,0.0013
BTCXRP,"2022-03-01, 18:31:51",bid,41156.06,0.0008
BTCXRP,"2022-03-01, 18:31:51",bid,41037.54,0.0019
BTCXRP,"2022-03-01, 18:31:51",bid,40974.19,0.0012
BTCXRP,"2022-03-01, 18:31:51",bid,40681.91,0.0007
BTCXRP,"2022-03-01, 18:31:51",bid,40482.67,0.0699
BTCXRP,"2022-03-01, 18:31:51",bid,40121.85,0.003
BTCXRP,"2022-03-01, 18:31:51",bid,40000.0,0.0087
BTCXRP,"2022-03-01, 18:31:51",bid,39922.24,0.0009
BTCXRP,"2022-03-01, 18:31:51",bid,39599.24,0.0017
BTCXRP,"2022-03-01, 18:31:51",bid,39072.68,0.0007
BTCXRP,"2022-03-01, 18:31:51",bid,38912.78,0.001
BTCXRP,"2022-03-01, 18:31:51",bid,38850.82,0.0932
BTCXRP,"2022-03-01, 18:31:51",bid,38562.76,0.0008
BTCXRP,"2022-03-01, 18:31:51",bid,38370.91,0.0008
BTCXRP,"2022-03-01, 18:31:51",bid,37981.3,0.0008
BTCXRP,"2022-03-01, 18:31:51",bid,37963.6,0.0012
BTCXRP,"2022-03-01, 18:31:51",bid,37000.1,0.0013
BTCXRP,"2022-03-01, 18:31:51",bid,36972.49,0.0017
BTCXRP,"2022-03-01, 18:31:51",bid,36899.34,0.0031
BTCXRP,"2022-03-01, 18:31:51",bid,36876.35,0.0013
BTCXRP,"2022-03-01, 18:31:51",bid,36852.87,0.0008
BTCXRP,"2022-03-01, 18:31:51",bid,36669.53,0.0008
BTCXRP,"2022-03-01, 18:31:51",bid,36567.43,0.0019
BTCXRP,"2022-03-01, 18:31:51",bid,36454.28,0.0034
BTCXRP,"2022-03-01, 18:31:51",bid,36359.07,0.0014
BTCXRP,"2022-03-01, 18:31:51",bid,36178.18,0.0014
BTCXRP,"2022-03-01, 18:31:51",bid,36017.64,0.0009
BTCXRP,"2022-03-01, 18:31:51",bid,35892.61,0.0009
BTCXRP,"2022-03-01, 18:31:51",bid,35628.08,0.0019
BTCXRP,"2022-03-01, 18:31:51",bid,35619.35,0.0019
BTCXRP,"2022-03-01, 18:31:51",bid,35427.65,0.0014
BTCXRP,"2022-03-01, 18:31:51",bid,35285.85,0.0016
BTCXRP,"2022-03-01, 18:31:51",bid,35110.3,0.0016
BTCXRP,"2022-03-01, 18:31:51",bid,35102.52,0.0008
BTCXRP,"2022-03-01, 18:31:51",bid,34927.88,0.0008
BTCXRP,"2022-03-01, 18:31:51",bid,34444.98,0.0042
BTCXRP,"2022-03-01, 18:31:51",bid,34103.95,0.0033
BTCXRP,"2022-03-01, 18:31:51",bid,34050.55,0.0005
BTCXRP,"2022-03-01, 18:31:51",bid,33934.64,0.0028
BTCXRP,"2022-03-01, 18:31:51",bid,33934.28,0.0033
BTCXRP,"2022-03-01, 18:31:51",bid,33827.6,0.0029
BTCXRP,"2022-03-01, 18:31:51",bid,33821.89,0.0001
BTCXRP,"2022-03-01, 18:31:51",bid,33798.84,0.0006
BTCXRP,"2022-03-01, 18:31:51",bid,33776.55,0.0015
BTCXRP,"2022-03-01, 18:31:51",bid,33734.68,0.0001
BTCXRP,"2022-03-01, 18:31:51",bid,33677.95,0.0034
BTCXRP,"2022-03-01, 18:31:51",bid,33659.3,0.0028
BTCXRP,"2022-03-01, 18:31:51",bid,33655.55,0.0045
BTCXRP,"2022-03-01, 18:31:51",bid,33608.55,0.002
BTCXRP,"2022-03-01, 18:31:51",bid,33608.51,0.0038
BTCXRP,"2022-03-01, 18:31:51",bid,33077.93,0.0036
BTCXRP,"2022-03-01, 18:31:51",bid,32794.25,0.0009
BTCXRP,"2022-03-01, 18:31:51",bid,32750.43,0.0005
BTCXRP,"2022-03-01, 18:31:51",bid,32590.88,0.0018
BTCXRP,"2022-03-01, 18:31:51",bid,32401.03,0.0052
BTCXRP,"2022-03-01, 18:31:51",bid,32080.23,0.0026
BTCXRP,"2022-03-01, 18:31:51",bid,31920.62,0.0026
BTCXRP,"2022-03-01, 18:31:51",bid,31608.03,0.001
BTCXRP,"2022-03-01, 18:31:51",bid,31450.78,0.001
BTCXRP,"2022-03-01, 18:31:51",bid,30139.73,0.0148
BTCXRP,"2022-03-01, 18:31:51",bid,30000.0,0.0601
BTCXRP,"2022-03-01, 18:31:51",bid,29325.66,0.0803
BTCXRP,"2022-03-01, 18:31:51",bid,28986.44,0.1071
BTCXRP,"2022-03-01, 18:31:51",bid,28395.48,0.003
BTCXRP,"2022-03-01, 18:31:51",bid,28114.34,0.0015
BTCXRP,"2022-03-01, 18:31:51",bid,27974.46,0.0015
BTCXRP,"2022-03-01, 18:31:51",bid,27952.49,0.0045
BTCXRP,"2022-03-01, 18:31:51",bid,27813.42,0.0045
BTCXRP,"2022-03-01, 18:31:51",bid,27788.4,0.0005
BTCXRP,"2022-03-01, 18:31:51",bid,27575.35,0.0039
BTCXRP,"2022-03-01, 18:31:51",bid,27438.15,0.0037
BTCXRP,"2022-03-01, 18:31:51",bid,27288.14,0.0022
BTCXRP,"2022-03-01, 18:31:51",bid,27152.38,0.0022
BTCXRP,"2022-03-01, 18:31:51",bid,27066.6,0.003
BTCXRP,"2022-03-01, 18:31:51",bid,27000.0,0.0912
BTCXRP,"2022-03-01, 18:31:51",bid,26931.94,0.003
BTCXRP,"2022-03-01, 18:31:51",bid,26815.31,0.0012
BTCXRP,"2022-03-01, 18:31:51",bid,26770.48,0.012
BTCXRP,"2022-03-01, 18:31:51",bid,26505.42,0.001
BTCXRP,"2022-03-01, 18:31:51",bid,25000.2,0.38
BTCXRP,"2022-03-01, 18:31:51",bid,21200.0,1.5
BTCXRP,"2022-03-01, 18:31:51",bid,20001.0,0.001
BTCXRP,"2022-03-01, 18:31:51",bid,17900.0,0.0143
BTCXRP,"2022-03-01, 18:31:51",bid,15870.13,0.005
BTCXRP,"2022-03-01, 18:31:51",bid,15790.78,0.005
BTCXRP,"2022-03-01, 18:31:51",bid,15632.87,0.01
BTCXRP,"2022-03-01, 18:31:51",bid,15475.71,0.0039
BTCXRP,"2022-03-01, 18:31:51",bid,13000.0,0.02
BTCXRP,"2022-03-01, 18:31:51",bid,10000.0,1.102
BTCXRP,"2022-03-01, 18:31:51",bid,9750.0,1.41
BTCXRP,"2022-03-01, 18:31:51",bid,9600.0,2.775
BTCXRP,"2022-03-01, 18:31:51",bid,9500.0,1.2122
BTCXRP,"2022-03-01, 18:31:51",bid,9090.0,1.3
BTCXRP,"2022-03-01, 18:31:51",bid,8200.0,1.382
BTCXRP,"2022-03-01, 18:31:51",bid,8050.0,1.35
BTCXRP,"2022-03-01, 18:31:51",bid,7850.0,0.01
BTCXRP,"2022-03-01, 18:31:51",bid,7550.0,0.9962
BTCXRP,"2022-03-01, 18:31:51",bid,6000.0,1.0
BTCXRP,"2022-03-01, 18:31:51",bid,4100.0,0.02
BTCXRP,"2022-03-01, 18:31:51",bid,3550.0,1.0
BTCXRP,"2022-03-01, 18:31:51",bid,2500.0,0.016
BTCXRP,"2022-03-01, 18:31:51",bid,2440.0,0.95
BTCXRP,"2022-03-01, 18:31:51",bid,2336.0,1.0
BTCXRP,"2022-03-01, 18:31:51",bid,2000.0,5.3258
BTCXRP,"2022-03-01, 18:31:51",bid,1011.0,0.05
BTCXRP,"2022-03-01, 18:31:51",bid,1000.0,14.2
BTCXRP,"2022-03-01, 18:31:51",bid,500.0,0.3
BTCXRP,"2022-03-01, 18:31:51",bid,110.54,1.8748
BTCXRP,"2022-03-01, 18:31:51",bid,100.0,0.5
BTCXRP,"2022-03-01, 18:31:51",bid,40.0,0.5
BTCXRP,"2022-03-01, 18:31:51",bid,20.48,0.112
BTCXRP,"2022-03-01, 18:31:51",bid,20.0,0.5
BTCXRP,"2022-03-01, 18:31:51",bid,17.0,2.0
BTCXRP,"2022-03-01, 18:31:51",bid,13.37,0.001
BTCXRP,"2022-03-01, 18:31:51",bid,7.0,0.01
BTCXRP,"2022-03-01, 18:31:51",bid,2.76,20.0
BTCXRP,"2022-03-01, 18:31:51",bid,1.0,10.0
PPCBTC,"2022-03-01, 18:31:51",ask,1.428e-05,9.68
PPCBTC,"2022-03-01, 18:31:51",ask,1.433e-05,77.04
PPCBTC,"2022-03-01, 18:31:51",ask,1.435e-05,9.68
PPCBTC,"2022-03-01, 18:31:51",ask,1.44e-05,49.14
PPCBTC,"2022-03-01, 18:31:51",ask,1.441e-05,43.44
PPCBTC,"2022-03-01, 18:31:51",ask,1.443e-05,49.04
PPCBTC,"2022-03-01, 18:31:51",ask,1.446e-05,48.94
PPCBTC,"2022-03-01, 18:31:51",ask,1.447e-05,14.2
PPCBTC,"2022-03-01, 18:31:51",ask,1.449e-05,79.96
PPCBTC,"2022-03-01, 18:31:51",ask,1.45e-05,48.83
PPCBTC,"2022-03-01, 18:31:51",ask,1.453e-05,95.6
PPCBTC,"2022-03-01, 18:31:51",ask,1.454e-05,14.26
PPCBTC,"2022-03-01, 18:31:51",ask,1.456e-05,48.63
PPCBTC,"2022-03-01, 18:31:51",ask,1.457e-05,79.51
PPCBTC,"2022-03-01, 18:31:51",ask,1.459e-05,48.53
PPCBTC,"2022-03-01, 18:31:51",ask,1.46e-05,46.87
PPCBTC,"2022-03-01, 18:31:51",ask,1.461e-05,14.26
PPCBTC,"2022-03-01, 18:31:51",ask,1.462e-05,48.43
PPCBTC,"2022-03-01, 18:31:51",ask,1.464e-05,1.0
PPCBTC,"2022-03-01, 18:31:51",ask,1.465e-05,168.55
PPCBTC,"2022-03-01, 18:31:51",ask,1.468e-05,16.32
PPCBTC,"2022-03-01, 18:31:51",ask,1.469e-05,6.32
PPCBTC,"2022-03-01, 18:31:51",ask,1.471e-05,48.13
PPCBTC,"2022-03-01, 18:31:51",ask,1.473e-05,78.64
PPCBTC,"2022-03-01, 18:31:51",ask,1.474e-05,48.03
PPCBTC,"2022-03-01, 18:31:51",ask,1.475e-05,93.74
PPCBTC,"2022-03-01, 18:31:51",ask,1.477e-05,47.94
PPCBTC,"2022-03-01, 18:31:51",ask,1.479e-05,1.0
PPCBTC,"2022-03-01, 18:31:51",ask,1.48e-05,34.25
PPCBTC,"2022-03-01, 18:31:51",ask,1.481e-05,57.44
PPCBTC,"2022-03-01, 18:31:51",ask,1.483e-05,66.14
PPCBTC,"2022-03-01, 18:31:51",ask,1.484e-05,12.27
PPCBTC,"2022-03-01, 18:31:51",ask,1.486e-05,47.64
PPCBTC,"2022-03-01, 18:31:51",ask,1.489e-05,100.05
PPCBTC,"2022-03-01, 18:31:51",ask,1.492e-05,47.45
PPCBTC,"2022-03-01, 18:31:51",ask,1.493e-05,4.09
PPCBTC,"2022-03-01, 18:31:51",ask,1.495e-05,47.36
PPCBTC,"2022-03-01, 18:31:51",ask,1.496e-05,14.39
PPCBTC,"2022-03-01, 18:31:51",ask,1.498e-05,124.58
PPCBTC,"2022-03-01, 18:31:51",ask,1.501e-05,47.17
PPCBTC,"2022-03-01, 18:31:51",ask,1.504e-05,62.06
PPCBTC,"2022-03-01, 18:31:51",ask,1.507e-05,123.83
PPCBTC,"2022-03-01, 18:31:51",ask,1.51e-05,12.05
PPCBTC,"2022-03-01, 18:31:51",ask,1.516e-05,76.39
PPCBTC,"2022-03-01, 18:31:51",ask,1.517e-05,11.98
PPCBTC,"2022-03-01, 18:31:51",ask,1.525e-05,45.44
PPCBTC,"2022-03-01, 18:31:51",ask,1.527e-05,11.0
PPCBTC,"2022-03-01, 18:31:51",ask,1.529e-05,39.24
PPCBTC,"2022-03-01, 18:31:51",ask,1.54e-05,1.0
PPCBTC,"2022-03-01, 18:31:51",ask,1.541e-05,15.1
PPCBTC,"2022-03-01, 18:31:51",ask,1.546e-05,11.71
PPCBTC,"2022-03-01, 18:31:51",ask,1.549e-05,4.34
PPCBTC,"2022-03-01, 18:31:51",ask,1.556e-05,17.07
PPCBTC,"2022-03-01, 18:31:51",ask,1.558e-05,1.0
PPCBTC,"2022-03-01, 18:31:51",ask,1.578e-05,1.5
PPCBTC,"2022-03-01, 18:31:51",ask,1.579e-05,32.44
PPCBTC,"2022-03-01, 18:31:51",ask,1.583e-05,1.24
PPCBTC,"2022-03-01, 18:31:51",ask,1.586e-05,16.79
PPCBTC,"2022-03-01, 18:31:51",ask,1.591e-05,6.14
PPCBTC,"2022-03-01, 18:31:51",ask,1.599e-05,3.8
PPCBTC,"2022-03-01, 18:31:51",ask,1.6e-05,826.59
PPCBTC,"2022-03-01, 18:31:51",ask,1.601e-05,47.01
PPCBTC,"2022-03-01, 18:31:51",ask,1.603e-05,48.31
PPCBTC,"2022-03-01, 18:31:51",ask,1.609e-05,1.5
PPCBTC,"2022-03-01, 18:31:51",ask,1.611e-05,22.26
PPCBTC,"2022-03-01, 18:31:51",ask,1.613e-05,9.7
PPCBTC,"2022-03-01, 18:31:51",ask,1.614e-05,25.11
PPCBTC,"2022-03-01, 18:31:51",ask,1.615e-05,2.0
PPCBTC,"2022-03-01, 18:31:51",ask,1.616e-05,30.0
PPCBTC,"2022-03-01, 18:31:51",ask,1.618e-05,3.85
PPCBTC,"2022-03-01, 18:31:51",ask,1.619e-05,65.15
PPCBTC,"2022-03-01, 18:31:51",ask,1.62e-05,20.0
PPCBTC,"2022-03-01, 18:31:51",ask,1.623e-05,47.71
PPCBTC,"2022-03-01, 18:31:51",ask,1.624e-05,58.77
PPCBTC,"2022-03-01, 18:31:51",ask,1.625e-05,7.7
PPCBTC,"2022-03-01, 18:31:51",ask,1.626e-05,5.0
PPCBTC,"2022-03-01, 18:31:51",ask,1.63e-05,37.02
PPCBTC,"2022-03-01, 18:31:51",ask,1.631e-05,13.8
PPCBTC,"2022-03-01, 18:31:51",ask,1.632e-05,1.5
PPCBTC,"2022-03-01, 18:31:51",ask,1.633e-05,47.41
PPCBTC,"2022-03-01, 18:31:51",ask,1.635e-05,26.04
PPCBTC,"2022-03-01, 18:31:51",ask,1.637e-05,12.11
PPCBTC,"2022-03-01, 18:31:51",ask,1.641e-05,5.5
PPCBTC,"2022-03-01, 18:31:51",ask,1.642e-05,315.5
PPCBTC,"2022-03-01, 18:31:51",ask,1.643e-05,114.76
PPCBTC,"2022-03-01, 18:31:51",ask,1.644e-05,18.12
PPCBTC,"2022-03-01, 18:31:51",ask,1.645e-05,2.0
PPCBTC,"2022-03-01, 18:31:51",ask,1.649e-05,5.5
PPCBTC,"2022-03-01, 18:31:51",ask,1.65e-05,1002.0
PPCBTC,"2022-03-01, 18:31:51",ask,1.652e-05,46.86
PPCBTC,"2022-03-01, 18:31:51",ask,1.653e-05,47.09
PPCBTC,"2022-03-01, 18:31:51",ask,1.66e-05,2.0
PPCBTC,"2022-03-01, 18:31:51",ask,1.661e-05,93.7
PPCBTC,"2022-03-01, 18:31:51",ask,1.669e-05,5.5
PPCBTC,"2022-03-01, 18:31:51",ask,1.67e-05,2.0
PPCBTC,"2022-03-01, 18:31:51",ask,1.68e-05,49.09
PPCBTC,"2022-03-01, 18:31:51",ask,1.683e-05,0.1
PPCBTC,"2022-03-01, 18:31:51",ask,1.69e-05,2.0
PPCBTC,"2022-03-01, 18:31:51",ask,1.691e-05,0.1
PPCBTC,"2022-03-01, 18:31:51",ask,1.697e-05,19.22
PPCBTC,"2022-03-01, 18:31:51",ask,1.699e-05,1.1
PPCBTC,"2022-03-01, 18:31:51",ask,1.7e-05,1000.0
PPCBTC,"2022-03-01, 18:31:51",ask,1.705e-05,2.0
PPCBTC,"2022-03-01, 18:31:51",ask,1.715e-05,2.0
PPCBTC,"2022-03-01, 18:31:51",ask,1.719e-05,10.0
PPCBTC,"2022-03-01, 18:31:51",ask,1.722e-05,1.25
PPCBTC,"2022-03-01, 18:31:51",ask,1.723e-05,2.0
PPCBTC,"2022-03-01, 18:31:51",ask,1.725e-05,2.0
PPCBTC,"2022-03-01, 18:31:51",ask,1.727e-05,12.26
PPCBTC,"2022-03-01, 18:31:51",ask,1.73e-05,0.2
PPCBTC,"2022-03-01, 18:31:51",ask,1.734e-05,3.9
PPCBTC,"2022-03-01, 18:31:51",ask,1.735e-05,2.0
PPCBTC,"2022-03-01, 18:31:51",ask,1.738e-05,0.15
PPCBTC,"2022-03-01, 18:31:51",ask,1.745e-05,1.0
PPCBTC,"2022-03-01, 18:31:51",ask,1.746e-05,0.2
PPCBTC,"2022-03-01, 18:31:51",ask,1.75e-05,1500.0
PPCBTC,"2022-03-01, 18:31:51",ask,1.754e-05,0.1
PPCBTC,"2022-03-01, 18:31:51",ask,1.755e-05,1.0
PPCBTC,"2022-03-01, 18:31:51",ask,1.756e-05,10.26
PPCBTC,"2022-03-01, 18:31:51",ask,1.757e-05,0.92
PPCBTC,"2022-03-01, 18:31:51",ask,1.758e-05,9.51
PPCBTC,"2022-03-01, 18:31:51",ask,1.761e-05,1.1
PPCBTC,"2022-03-01, 18:31:51",ask,1.762e-05,0.78
PPCBTC,"2022-03-01, 18:31:51",ask,1.763e-05,15.65
PPCBTC,"2022-03-01, 18:31:51",ask,1.765e-05,1.0
PPCBTC,"2022-03-01, 18:31:51",ask,1.771e-05,0.36
PPCBTC,"2022-03-01, 18:31:51",ask,1.775e-05,1.0
PPCBTC,"2022-03-01, 18:31:51",ask,1.785e-05,1.0
PPCBTC,"2022-03-01, 18:31:51",ask,1.787e-05,0.11
PPCBTC,"2022-03-01, 18:31:51",ask,1.795e-05,1.0
PPCBTC,"2022-03-01, 18:31:51",ask,1.8e-05,2000.0
PPCBTC,"2022-03-01, 18:31:51",ask,1.803e-05,0.25
PPCBTC,"2022-03-01, 18:31:51",ask,1.805e-05,0.36
PPCBTC,"2022-03-01, 18:31:51",ask,1.811e-05,0.11
PPCBTC,"2022-03-01, 18:31:51",ask,1.815e-05,1.0
PPCBTC,"2022-03-01, 18:31:51",ask,1.825e-05,1.0
PPCBTC,"2022-03-01, 18:31:51",ask,1.835e-05,1.0
PPCBTC,"2022-03-01, 18:31:51",ask,1.836e-05,0.36
PPCBTC,"2022-03-01, 18:31:51",ask,1.838e-05,13.86
PPCBTC,"2022-03-01, 18:31:51",ask,1.841e-05,1.66
PPCBTC,"2022-03-01, 18:31:51",ask,1.843e-05,300.0
PPCBTC,"2022-03-01, 18:31:51",ask,1.844e-05,1.81
PPCBTC,"2022-03-01, 18:31:51",ask,1.845e-05,1.0
PPCBTC,"2022-03-01, 18:31:51",ask,1.847e-05,42.52
PPCBTC,"2022-03-01, 18:31:51",ask,1.849e-05,0.89
PPCBTC,"2022-03-01, 18:31:51",ask,1.85e-05,1.66
PPCBTC,"2022-03-01, 18:31:51",ask,1.855e-05,1.21
PPCBTC,"2022-03-01, 18:31:51",ask,1.856e-05,0.73
PPCBTC,"2022-03-01, 18:31:51",ask,1.857e-05,12.05
PPCBTC,"2022-03-01, 18:31:51",ask,1.858e-05,0.88
PPCBTC,"2022-03-01, 18:31:51",ask,1.865e-05,1.0
PPCBTC,"2022-03-01, 18:31:51",ask,1.867e-05,0.88
PPCBTC,"2022-03-01, 18:31:51",ask,1.875e-05,2.0
PPCBTC,"2022-03-01, 18:31:51",ask,1.885e-05,1.0
PPCBTC,"2022-03-01, 18:31:51",ask,1.888e-05,0.11
PPCBTC,"2022-03-01, 18:31:51",ask,1.895e-05,1.0
PPCBTC,"2022-03-01, 18:31:51",ask,1.903e-05,0.86
PPCBTC,"2022-03-01, 18:31:51",ask,1.905e-05,1.0
PPCBTC,"2022-03-01, 18:31:51",ask,1.915e-05,1.0
PPCBTC,"2022-03-01, 18:31:51",ask,1.921e-05,0.85
PPCBTC,"2022-03-01, 18:31:51",ask,1.925e-05,1.0
PPCBTC,"2022-03-01, 18:31:51",ask,1.93e-05,0.85
PPCBTC,"2022-03-01, 18:31:51",ask,1.931e-05,0.36
PPCBTC,"2022-03-01, 18:31:51",ask,1.935e-05,1.0
PPCBTC,"2022-03-01, 18:31:51",ask,1.945e-05,1.0
PPCBTC,"2022-03-01, 18:31:51",ask,1.955e-05,1.0
PPCBTC,"2022-03-01, 18:31:51",ask,1.957e-05,0.11
PPCBTC,"2022-03-01, 18:31:51",ask,1.965e-05,1.0
PPCBTC,"2022-03-01, 18:31:51",ask,1.966e-05,0.11
PPCBTC,"2022-03-01, 18:31:51",ask,1.975e-05,1.0
PPCBTC,"2022-03-01, 18:31:51",ask,1.977e-05,1.66
PPCBTC,"2022-03-01, 18:31:51",ask,1.984e-05,0.11
PPCBTC,"2022-03-01, 18:31:51",ask,1.985e-05,1.0
PPCBTC,"2022-03-01, 18:31:51",ask,1.995e-05,1.0
PPCBTC,"2022-03-01, 18:31:51",ask,2e-05,4000.0
PPCBTC,"2022-03-01, 18:31:51",ask,2.003e-05,0.11
PPCBTC,"2022-03-01, 18:31:51",ask,2.005e-05,1.0
PPCBTC,"2022-03-01, 18:31:51",ask,2.013e-05,0.36
PPCBTC,"2022-03-01, 18:31:51",ask,2.015e-05,1.0
PPCBTC,"2022-03-01, 18:31:51",ask,2.025e-05,1.0
PPCBTC,"2022-03-01, 18:31:51",ask,2.035e-05,1.0
PPCBTC,"2022-03-01, 18:31:51",ask,2.045e-05,1.0
PPCBTC,"2022-03-01, 18:31:51",ask,2.054e-05,0.8
PPCBTC,"2022-03-01, 18:31:51",ask,2.055e-05,1.0
PPCBTC,"2022-03-01, 18:31:51",ask,2.065e-05,1.0
PPCBTC,"2022-03-01, 18:31:51",ask,2.068e-05,0.25
PPCBTC,"2022-03-01, 18:31:51",ask,2.075e-05,1.0
PPCBTC,"2022-03-01, 18:31:51",ask,2.077e-05,0.63
PPCBTC,"2022-03-01, 18:31:51",ask,2.084e-05,0.79
PPCBTC,"2022-03-01, 18:31:51",ask,2.085e-05,1.0
PPCBTC,"2022-03-01, 18:31:51",ask,2.095e-05,1.0
PPCBTC,"2022-03-01, 18:31:51",ask,2.096e-05,0.11
PPCBTC,"2022-03-01, 18:31:51",ask,2.105e-05,1.0
PPCBTC,"2022-03-01, 18:31:51",ask,2.106e-05,0.11
PPCBTC,"2022-03-01, 18:31:51",ask,2.114e-05,0.77
PPCBTC,"2022-03-01, 18:31:51",ask,2.115e-05,1.0
PPCBTC,"2022-03-01, 18:31:51",ask,2.117e-05,0.27
PPCBTC,"2022-03-01, 18:31:51",ask,2.125e-05,1.0
PPCBTC,"2022-03-01, 18:31:51",ask,2.135e-05,1.0
PPCBTC,"2022-03-01, 18:31:51",ask,2.139e-05,42.62
PPCBTC,"2022-03-01, 18:31:51",ask,2.144e-05,0.76
PPCBTC,"2022-03-01, 18:31:51",ask,2.145e-05,1.0
PPCBTC,"2022-03-01, 18:31:51",ask,2.146e-05,0.25
PPCBTC,"2022-03-01, 18:31:51",ask,2.154e-05,0.76
PPCBTC,"2022-03-01, 18:31:51",ask,2.155e-05,1.25
PPCBTC,"2022-03-01, 18:31:51",ask,2.161e-05,21.31
PPCBTC,"2022-03-01, 18:31:51",ask,2.164e-05,0.76
PPCBTC,"2022-03-01, 18:31:51",ask,2.165e-05,1.25
PPCBTC,"2022-03-01, 18:31:51",ask,2.171e-05,21.31
PPCBTC,"2022-03-01, 18:31:51",ask,2.175e-05,1.86
PPCBTC,"2022-03-01, 18:31:51",ask,2.185e-05,1.11
PPCBTC,"2022-03-01, 18:31:51",ask,2.186e-05,0.75
PPCBTC,"2022-03-01, 18:31:51",ask,2.195e-05,1.27
PPCBTC,"2022-03-01, 18:31:51",ask,2.196e-05,0.74
PPCBTC,"2022-03-01, 18:31:51",ask,2.205e-05,1.25
PPCBTC,"2022-03-01, 18:31:51",ask,2.207e-05,0.74
PPCBTC,"2022-03-01, 18:31:51",ask,2.215e-05,1.36
PPCBTC,"2022-03-01, 18:31:51",ask,2.217e-05,0.74
PPCBTC,"2022-03-01, 18:31:51",ask,2.218e-05,23.09
PPCBTC,"2022-03-01, 18:31:51",ask,2.225e-05,1.25
PPCBTC,"2022-03-01, 18:31:51",ask,2.228e-05,24.55
PPCBTC,"2022-03-01, 18:31:51",ask,2.235e-05,1.0
PPCBTC,"2022-03-01, 18:31:51",ask,2.238e-05,0.73
PPCBTC,"2022-03-01, 18:31:51",ask,2.245e-05,1.0
PPCBTC,"2022-03-01, 18:31:51",ask,2.246e-05,0.25
PPCBTC,"2022-03-01, 18:31:51",ask,2.249e-05,0.73
PPCBTC,"2022-03-01, 18:31:51",ask,2.256e-05,0.11
PPCBTC,"2022-03-01, 18:31:51",ask,2.259e-05,0.72
PPCBTC,"2022-03-01, 18:31:51",ask,2.267e-05,0.18
PPCBTC,"2022-03-01, 18:31:51",ask,2.272e-05,2.92
PPCBTC,"2022-03-01, 18:31:51",ask,2.277e-05,0.5
PPCBTC,"2022-03-01, 18:31:51",ask,2.287e-05,0.43
PPCBTC,"2022-03-01, 18:31:51",ask,2.298e-05,0.11
PPCBTC,"2022-03-01, 18:31:51",ask,2.3e-05,59.19
PPCBTC,"2022-03-01, 18:31:51",ask,2.304e-05,0.74
PPCBTC,"2022-03-01, 18:31:51",ask,2.308e-05,33.48
PPCBTC,"2022-03-01, 18:31:51",ask,2.313e-05,10.0
PPCBTC,"2022-03-01, 18:31:51",ask,2.319e-05,0.11
PPCBTC,"2022-03-01, 18:31:51",ask,2.32e-05,127.22
PPCBTC,"2022-03-01, 18:31:51",ask,2.326e-05,0.74
PPCBTC,"2022-03-01, 18:31:51",ask,2.329e-05,0.25
PPCBTC,"2022-03-01, 18:31:51",ask,2.34e-05,0.11
PPCBTC,"2022-03-01, 18:31:51",ask,2.351e-05,0.11
PPCBTC,"2022-03-01, 18:31:51",ask,2.362e-05,0.11
PPCBTC,"2022-03-01, 18:31:51",ask,2.373e-05,0.18
PPCBTC,"2022-03-01, 18:31:51",ask,2.381e-05,0.74
PPCBTC,"2022-03-01, 18:31:51",ask,2.382e-05,0.83
PPCBTC,"2022-03-01, 18:31:51",ask,2.393e-05,1.42
PPCBTC,"2022-03-01, 18:31:51",ask,2.395e-05,0.25
PPCBTC,"2022-03-01, 18:31:51",ask,2.418e-05,0.83
PPCBTC,"2022-03-01, 18:31:51",ask,2.496e-05,1.51
PPCBTC,"2022-03-01, 18:31:51",ask,2.64e-05,1.45
PPCBTC,"2022-03-01, 18:31:51",ask,2.663e-05,1.43
PPCBTC,"2022-03-01, 18:31:51",ask,2.727e-05,1.4
PPCBTC,"2022-03-01, 18:31:51",ask,2.75e-05,2.98
PPCBTC,"2022-03-01, 18:31:51",ask,2.772e-05,1.36
PPCBTC,"2022-03-01, 18:31:51",ask,2.778e-05,1.49
PPCBTC,"2022-03-01, 18:31:51",ask,2.792e-05,1.49
PPCBTC,"2022-03-01, 18:31:51",ask,2.795e-05,1.35
PPCBTC,"2022-03-01, 18:31:51",ask,2.817e-05,1.34
PPCBTC,"2022-03-01, 18:31:51",ask,2.841e-05,1.33
PPCBTC,"2022-03-01, 18:31:51",ask,2.864e-05,1.33
PPCBTC,"2022-03-01, 18:31:51",ask,2.911e-05,1.3
PPCBTC,"2022-03-01, 18:31:51",ask,2.982e-05,1.28
PPCBTC,"2022-03-01, 18:31:51",ask,3e-05,6000.0
PPCBTC,"2022-03-01, 18:31:51",ask,3.9e-05,1000.0
PPCBTC,"2022-03-01, 18:31:51",ask,4.283e-05,4.53
PPCBTC,"2022-03-01, 18:31:51",ask,4.341e-05,4.53
PPCBTC,"2022-03-01, 18:31:51",ask,4.377e-05,4.53
PPCBTC,"2022-03-01, 18:31:51",ask,4.541e-05,160.32
PPCBTC,"2022-03-01, 18:31:51",ask,4.658e-05,4.53
PPCBTC,"2022-03-01, 18:31:51",ask,5e-05,115.18
PPCBTC,"2022-03-01, 18:31:51",ask,5.017e-05,2.63
PPCBTC,"2022-03-01, 18:31:51",ask,5.271e-05,126.62
PPCBTC,"2022-03-01, 18:31:51",ask,5.324e-05,63.31
PPCBTC,"2022-03-01, 18:31:51",ask,5.35e-05,63.31
PPCBTC,"2022-03-01, 18:31:51",ask,5.956e-05,0.13
PPCBTC,"2022-03-01, 18:31:51",ask,7.629e-05,0.13
PPCBTC,"2022-03-01, 18:31:51",ask,7.681e-05,5.9
PPCBTC,"2022-03-01, 18:31:51",ask,7.706e-05,4.59
PPCBTC,"2022-03-01, 18:31:51",ask,7.719e-05,1.31
PPCBTC,"2022-03-01, 18:31:51",ask,7.726e-05,3.28
PPCBTC,"2022-03-01, 18:31:51",ask,7.821e-05,0.13
PPCBTC,"2022-03-01, 18:31:51",ask,7.909e-05,15.48
PPCBTC,"2022-03-01, 18:31:51",ask,7.988e-05,7.74
PPCBTC,"2022-03-01, 18:31:51",ask,8.017e-05,0.06
PPCBTC,"2022-03-01, 18:31:51",ask,8.028e-05,7.68
PPCBTC,"2022-03-01, 18:31:51",ask,8.101e-05,3.78
PPCBTC,"2022-03-01, 18:31:51",ask,8.44e-05,120.42
PPCBTC,"2022-03-01, 18:31:51",ask,8.526e-05,60.21
PPCBTC,"2022-03-01, 18:31:51",ask,8.733e-05,8.2
PPCBTC,"2022-03-01, 18:31:51",ask,0.00011,1.88
PPCBTC,"2022-03-01, 18:31:51",ask,0.00015566,10.0
PPCBTC,"2022-03-01, 18:31:51",ask,0.00015644,10.0
PPCBTC,"2022-03-01, 18:31:51",ask,0.000158,20.0
PPCBTC,"2022-03-01, 18:31:51",ask,0.0001751,10.0
PPCBTC,"2022-03-01, 18:31:51",ask,0.00017954,10.0
PPCBTC,"2022-03-01, 18:31:51",ask,0.00018044,10.0
PPCBTC,"2022-03-01, 18:31:51",ask,0.00018224,20.0
PPCBTC,"2022-03-01, 18:31:51",ask,0.00018999,420.43
PPCBTC,"2022-03-01, 18:31:51",ask,0.00019899,2.0
PPCBTC,"2022-03-01, 18:31:51",ask,0.00019989,2.0
PPCBTC,"2022-03-01, 18:31:51",ask,0.00023143,2.0
PPCBTC,"2022-03-01, 18:31:51",ask,0.00027,27.04
PPCBTC,"2022-03-01, 18:31:51",ask,0.0002772,2.0
PPCBTC,"2022-03-01, 18:31:51",ask,0.00027839,50.0
PPCBTC,"2022-03-01, 18:31:51",ask,0.0002973,50.0
PPCBTC,"2022-03-01, 18:31:51",ask,0.00038,0.3
PPCBTC,"2022-03-01, 18:31:51",ask,0.00046049,1.0
PPCBTC,"2022-03-01, 18:31:51",ask,0.00055,5.0
PPCBTC,"2022-03-01, 18:31:51",ask,0.00061,27.0
PPCBTC,"2022-03-01, 18:31:51",ask,0.000799,1.0
PPCBTC,"2022-03-01, 18:31:51",ask,0.002,10.0
PPCBTC,"2022-03-01, 18:31:51",ask,0.05,8.16
PPCBTC,"2022-03-01, 18:31:51",ask,0.1,9.4
PPCBTC,"2022-03-01, 18:31:51",bid,1.375e-05,600.0
PPCBTC,"2022-03-01, 18:31:51",bid,1.373e-05,44.58
PPCBTC,"2022-03-01, 18:31:51",bid,1.367e-05,44.58
PPCBTC,"2022-03-01, 18:31:51",bid,1.363e-05,33.63
PPCBTC,"2022-03-01, 18:31:51",bid,1.355e-05,0.65
PPCBTC,"2022-03-01, 18:31:51",bid,1.353e-05,89.16
PPCBTC,"2022-03-01, 18:31:51",bid,1.35e-05,1500.0
PPCBTC,"2022-03-01, 18:31:51",bid,1.306e-05,20.17
PPCBTC,"2022-03-01, 18:31:51",bid,1.305e-05,1200.0
PPCBTC,"2022-03-01, 18:31:51",bid,1.3e-05,26.03
PPCBTC,"2022-03-01, 18:31:51",bid,1.226e-05,300.0
PPCBTC,"2022-03-01, 18:31:51",bid,1.2e-05,1018.85
PPCBTC,"2022-03-01, 18:31:51",bid,1.111e-05,800.0
PPCBTC,"2022-03-01, 18:31:51",bid,1.109e-05,0.28
PPCBTC,"2022-03-01, 18:31:51",bid,1.026e-05,300.0
PPCBTC,"2022-03-01, 18:31:51",bid,1e-05,2500.0
PPCBTC,"2022-03-01, 18:31:51",bid,9e-06,3259.23
PPCBTC,"2022-03-01, 18:31:51",bid,8.45e-06,0.55
PPCBTC,"2022-03-01, 18:31:51",bid,8.15e-06,18.47
PPCBTC,"2022-03-01, 18:31:51",bid,7.6e-06,5000.0
PPCBTC,"2022-03-01, 18:31:51",bid,7.5e-06,800.0
PPCBTC,"2022-03-01, 18:31:51",bid,7.4e-06,926.0
PPCBTC,"2022-03-01, 18:31:51",bid,6.9e-06,500.0
PPCBTC,"2022-03-01, 18:31:51",bid,6.66e-06,6666.0
PPCBTC,"2022-03-01, 18:31:51",bid,6.5e-06,1000.0
PPCBTC,"2022-03-01, 18:31:51",bid,6.09e-06,17.69
PPCBTC,"2022-03-01, 18:31:51",bid,6.06e-06,17.69
PPCBTC,"2022-03-01, 18:31:51",bid,6e-06,5035.38
PPCBTC,"2022-03-01, 18:31:51",bid,5e-06,15000.0
PPCBTC,"2022-03-01, 18:31:51",bid,4e-06,10000.0
PPCBTC,"2022-03-01, 18:31:51",bid,3e-06,20000.0
PPCBTC,"2022-03-01, 18:31:51",bid,2e-06,30000.0
PPCBTC,"2022-03-01, 18:31:51",bid,1.9e-06,1000.0
PPCBTC,"2022-03-01, 18:31:51",bid,7e-07,1800.0
PPCBTC,"2022-03-01, 18:31:51",bid,1.5e-07,968.24
LTCBTC,"2022-03-01, 18:31:51",ask,0.00258611,0.73
LTCBTC,"2022-03-01, 18:31:51",ask,0.00259369,15.15
LTCBTC,"2022-03-01, 18:31:51",ask,0.0025937,114.53
LTCBTC,"2022-03-01, 18:31:51",ask,0.00259377,0.16
LTCBTC,"2022-03-01, 18:31:51",ask,0.00259391,4.28
LTCBTC,"2022-03-01, 18:31:51",ask,0.00259686,0.65
LTCBTC,"2022-03-01, 18:31:51",ask,0.00259692,4.0
LTCBTC,"2022-03-01, 18:31:51",ask,0.002599,1.46
LTCBTC,"2022-03-01, 18:31:51",ask,0.00260188,0.11
LTCBTC,"2022-03-01, 18:31:51",ask,0.00260385,0.51
LTCBTC,"2022-03-01, 18:31:51",ask,0.00260743,0.1
LTCBTC,"2022-03-01, 18:31:51",ask,0.00261244,0.1
LTCBTC,"2022-03-01, 18:31:51",ask,0.00262964,0.24
LTCBTC,"2022-03-01, 18:31:51",ask,0.00262993,0.1
LTCBTC,"2022-03-01, 18:31:51",ask,0.00263857,1.02
LTCBTC,"2022-03-01, 18:31:51",ask,0.00264703,0.11
LTCBTC,"2022-03-01, 18:31:51",ask,0.00273836,0.1
LTCBTC,"2022-03-01, 18:31:51",ask,0.0027394,0.5
LTCBTC,"2022-03-01, 18:31:51",ask,0.00274336,0.1
LTCBTC,"2022-03-01, 18:31:51",ask,0.00274796,0.36
LTCBTC,"2022-03-01, 18:31:51",ask,0.00277095,0.1
LTCBTC,"2022-03-01, 18:31:51",ask,0.00277225,0.25
LTCBTC,"2022-03-01, 18:31:51",ask,0.00280804,2.45
LTCBTC,"2022-03-01, 18:31:51",ask,0.00283657,0.12
LTCBTC,"2022-03-01, 18:31:51",ask,0.00284125,0.13
LTCBTC,"2022-03-01, 18:31:51",ask,0.00284685,0.1
LTCBTC,"2022-03-01, 18:31:51",ask,0.00284726,0.17
LTCBTC,"2022-03-01, 18:31:51",ask,0.00284877,0.5
LTCBTC,"2022-03-01, 18:31:51",ask,0.00285021,0.17
LTCBTC,"2022-03-01, 18:31:51",ask,0.0028559,1.1
LTCBTC,"2022-03-01, 18:31:51",ask,0.00286654,0.19
LTCBTC,"2022-03-01, 18:31:51",ask,0.00288591,0.1
LTCBTC,"2022-03-01, 18:31:51",ask,0.00292085,0.2
LTCBTC,"2022-03-01, 18:31:51",ask,0.00293308,0.1
LTCBTC,"2022-03-01, 18:31:51",ask,0.00294651,0.1
LTCBTC,"2022-03-01, 18:31:51",ask,0.003005,0.1
LTCBTC,"2022-03-01, 18:31:51",ask,0.00300515,3.77
LTCBTC,"2022-03-01, 18:31:51",ask,0.00300521,0.43
LTCBTC,"2022-03-01, 18:31:51",ask,0.00300935,0.43
LTCBTC,"2022-03-01, 18:31:51",ask,0.00301221,0.11
LTCBTC,"2022-03-01, 18:31:51",ask,0.0030135,0.44
LTCBTC,"2022-03-01, 18:31:51",ask,0.00301373,0.1
LTCBTC,"2022-03-01, 18:31:51",ask,0.00301765,0.44
LTCBTC,"2022-03-01, 18:31:51",ask,0.00302182,0.44
LTCBTC,"2022-03-01, 18:31:51",ask,0.00302598,0.44
LTCBTC,"2022-03-01, 18:31:51",ask,0.00303015,0.44
LTCBTC,"2022-03-01, 18:31:51",ask,0.00303433,0.44
LTCBTC,"2022-03-01, 18:31:51",ask,0.00303851,0.44
LTCBTC,"2022-03-01, 18:31:51",ask,0.0030427,0.44
LTCBTC,"2022-03-01, 18:31:51",ask,0.0030469,0.44
LTCBTC,"2022-03-01, 18:31:51",ask,0.00305109,0.44
LTCBTC,"2022-03-01, 18:31:51",ask,0.00305531,0.44
LTCBTC,"2022-03-01, 18:31:51",ask,0.00305952,0.44
LTCBTC,"2022-03-01, 18:31:51",ask,0.00306373,0.43
LTCBTC,"2022-03-01, 18:31:51",ask,0.00306734,0.5
LTCBTC,"2022-03-01, 18:31:51",ask,0.00306795,0.44
LTCBTC,"2022-03-01, 18:31:51",ask,0.00307219,0.44
LTCBTC,"2022-03-01, 18:31:51",ask,0.00307642,0.44
LTCBTC,"2022-03-01, 18:31:51",ask,0.00308066,0.44
LTCBTC,"2022-03-01, 18:31:51",ask,0.00308491,0.44
LTCBTC,"2022-03-01, 18:31:51",ask,0.00308574,0.13
LTCBTC,"2022-03-01, 18:31:51",ask,0.00308917,0.44
LTCBTC,"2022-03-01, 18:31:51",ask,0.00309342,0.44
LTCBTC,"2022-03-01, 18:31:51",ask,0.00309769,0.44
LTCBTC,"2022-03-01, 18:31:51",ask,0.00317899,0.1
LTCBTC,"2022-03-01, 18:31:51",ask,0.00320782,0.23
LTCBTC,"2022-03-01, 18:31:51",ask,0.00320894,0.2
LTCBTC,"2022-03-01, 18:31:51",ask,0.00323622,0.14
LTCBTC,"2022-03-01, 18:31:51",ask,0.00330448,0.1
LTCBTC,"2022-03-01, 18:31:51",ask,0.00330639,0.28
LTCBTC,"2022-03-01, 18:31:51",ask,0.00330877,0.3
LTCBTC,"2022-03-01, 18:31:51",ask,0.00331557,0.29
LTCBTC,"2022-03-01, 18:31:51",ask,0.00338196,0.1
LTCBTC,"2022-03-01, 18:31:51",ask,0.00338889,0.11
LTCBTC,"2022-03-01, 18:31:51",ask,0.00340117,0.12
LTCBTC,"2022-03-01, 18:31:51",ask,0.00340162,0.1
LTCBTC,"2022-03-01, 18:31:51",ask,0.00341405,0.16
LTCBTC,"2022-03-01, 18:31:51",ask,0.0034159,0.12
LTCBTC,"2022-03-01, 18:31:51",ask,0.00341791,0.1
LTCBTC,"2022-03-01, 18:31:51",ask,0.0034284,2.98
LTCBTC,"2022-03-01, 18:31:51",ask,0.00343696,0.16
LTCBTC,"2022-03-01, 18:31:51",ask,0.00344157,0.11
LTCBTC,"2022-03-01, 18:31:51",ask,0.00346466,0.11
LTCBTC,"2022-03-01, 18:31:51",ask,0.00348792,0.11
LTCBTC,"2022-03-01, 18:31:51",ask,0.00351781,0.11
LTCBTC,"2022-03-01, 18:31:51",ask,0.0035488,3.05
LTCBTC,"2022-03-01, 18:31:51",ask,0.00355714,0.11
LTCBTC,"2022-03-01, 18:31:51",ask,0.00360228,0.1
LTCBTC,"2022-03-01, 18:31:51",ask,0.003605,0.1
LTCBTC,"2022-03-01, 18:31:51",ask,0.00367804,0.3
LTCBTC,"2022-03-01, 18:31:51",ask,0.00371138,0.1
LTCBTC,"2022-03-01, 18:31:51",ask,0.00373628,0.13
LTCBTC,"2022-03-01, 18:31:51",ask,0.00374215,0.13
LTCBTC,"2022-03-01, 18:31:51",ask,0.00375226,0.15
LTCBTC,"2022-03-01, 18:31:51",ask,0.00375707,0.11
LTCBTC,"2022-03-01, 18:31:51",ask,0.00375718,0.15
LTCBTC,"2022-03-01, 18:31:51",ask,0.00378187,0.1
LTCBTC,"2022-03-01, 18:31:51",ask,0.00378955,0.1
LTCBTC,"2022-03-01, 18:31:51",ask,0.00380587,0.11
LTCBTC,"2022-03-01, 18:31:51",ask,0.00380953,0.1
LTCBTC,"2022-03-01, 18:31:51",ask,0.00381804,0.11
LTCBTC,"2022-03-01, 18:31:51",ask,0.00386356,4.11
LTCBTC,"2022-03-01, 18:31:51",ask,0.00388354,0.29
LTCBTC,"2022-03-01, 18:31:51",ask,0.00390252,0.12
LTCBTC,"2022-03-01, 18:31:51",ask,0.00390442,0.21
LTCBTC,"2022-03-01, 18:31:51",ask,0.00390575,5.56
LTCBTC,"2022-03-01, 18:31:51",ask,0.00391277,0.1
LTCBTC,"2022-03-01, 18:31:51",ask,0.00391779,0.1
LTCBTC,"2022-03-01, 18:31:51",ask,0.00395338,0.15
LTCBTC,"2022-03-01, 18:31:51",ask,0.00397992,0.15
LTCBTC,"2022-03-01, 18:31:51",ask,0.00404136,2.15
LTCBTC,"2022-03-01, 18:31:51",ask,0.00406734,0.1
LTCBTC,"2022-03-01, 18:31:51",ask,0.00406866,0.1
LTCBTC,"2022-03-01, 18:31:51",ask,0.00407497,0.1
LTCBTC,"2022-03-01, 18:31:51",ask,0.00409596,0.1
LTCBTC,"2022-03-01, 18:31:51",ask,0.00410748,0.1
LTCBTC,"2022-03-01, 18:31:51",ask,0.00415523,5.91
LTCBTC,"2022-03-01, 18:31:51",ask,0.00417,1.0
LTCBTC,"2022-03-01, 18:31:51",ask,0.0041792,7.84
LTCBTC,"2022-03-01, 18:31:51",ask,0.00419,1.0
LTCBTC,"2022-03-01, 18:31:51",ask,0.00419116,0.14
LTCBTC,"2022-03-01, 18:31:51",ask,0.0042,1.0
LTCBTC,"2022-03-01, 18:31:51",ask,0.00429613,0.12
LTCBTC,"2022-03-01, 18:31:51",ask,0.0043,0.5
LTCBTC,"2022-03-01, 18:31:51",ask,0.00441393,3.9
LTCBTC,"2022-03-01, 18:31:51",ask,0.00443091,2.8
LTCBTC,"2022-03-01, 18:31:51",ask,0.00445388,4.66
LTCBTC,"2022-03-01, 18:31:51",ask,0.0044979,4.28
LTCBTC,"2022-03-01, 18:31:51",ask,0.0045,3.0
LTCBTC,"2022-03-01, 18:31:51",ask,0.00451281,5.4
LTCBTC,"2022-03-01, 18:31:51",ask,0.00455876,6.2
LTCBTC,"2022-03-01, 18:31:51",ask,0.00461669,5.44
LTCBTC,"2022-03-01, 18:31:51",ask,0.00472795,0.14
LTCBTC,"2022-03-01, 18:31:51",ask,0.0048684,6.68
LTCBTC,"2022-03-01, 18:31:51",ask,0.0049,24.89
LTCBTC,"2022-03-01, 18:31:51",ask,0.0049623,2.82
LTCBTC,"2022-03-01, 18:31:51",ask,0.00496429,8.68
LTCBTC,"2022-03-01, 18:31:51",ask,0.00496629,7.8
LTCBTC,"2022-03-01, 18:31:51",ask,0.00497528,2.0
LTCBTC,"2022-03-01, 18:31:51",ask,0.00499,0.5
LTCBTC,"2022-03-01, 18:31:51",ask,0.0051,5.0
LTCBTC,"2022-03-01, 18:31:51",ask,0.0052319,5.0
LTCBTC,"2022-03-01, 18:31:51",ask,0.00523827,0.1
LTCBTC,"2022-03-01, 18:31:51",ask,0.00527024,0.13
LTCBTC,"2022-03-01, 18:31:51",ask,0.00527342,0.1
LTCBTC,"2022-03-01, 18:31:51",ask,0.00528226,0.21
LTCBTC,"2022-03-01, 18:31:51",ask,0.0053,0.3
LTCBTC,"2022-03-01, 18:31:51",ask,0.00556748,0.12
LTCBTC,"2022-03-01, 18:31:51",ask,0.00558107,2.46
LTCBTC,"2022-03-01, 18:31:51",ask,0.00559856,10.72
LTCBTC,"2022-03-01, 18:31:51",ask,0.00561202,3.46
LTCBTC,"2022-03-01, 18:31:51",ask,0.00567492,1.09
LTCBTC,"2022-03-01, 18:31:51",ask,0.0058,6.0
LTCBTC,"2022-03-01, 18:31:51",ask,0.00599845,16.47
LTCBTC,"2022-03-01, 18:31:51",ask,0.006,0.5
LTCBTC,"2022-03-01, 18:31:51",ask,0.00601936,4.55
LTCBTC,"2022-03-01, 18:31:51",ask,0.00602208,15.03
LTCBTC,"2022-03-01, 18:31:51",ask,0.00606928,5.54
LTCBTC,"2022-03-01, 18:31:51",ask,0.00616391,0.1
LTCBTC,"2022-03-01, 18:31:51",ask,0.00627978,0.2
LTCBTC,"2022-03-01, 18:31:51",ask,0.00629193,4.07
LTCBTC,"2022-03-01, 18:31:51",ask,0.00633885,5.82
LTCBTC,"2022-03-01, 18:31:51",ask,0.00645058,26.82
LTCBTC,"2022-03-01, 18:31:51",ask,0.0065,0.5
LTCBTC,"2022-03-01, 18:31:51",ask,0.0065565,7.44
LTCBTC,"2022-03-01, 18:31:51",ask,0.00677596,0.11
LTCBTC,"2022-03-01, 18:31:51",ask,0.0068,10.0
LTCBTC,"2022-03-01, 18:31:51",ask,0.00680805,0.16
LTCBTC,"2022-03-01, 18:31:51",ask,0.006947,0.75
LTCBTC,"2022-03-01, 18:31:51",ask,0.00695639,0.14
LTCBTC,"2022-03-01, 18:31:51",ask,0.007,10.0
LTCBTC,"2022-03-01, 18:31:51",ask,0.00700308,0.14
LTCBTC,"2022-03-01, 18:31:51",ask,0.00704592,0.14
LTCBTC,"2022-03-01, 18:31:51",ask,0.00713255,0.17
LTCBTC,"2022-03-01, 18:31:51",ask,0.00718042,0.1
LTCBTC,"2022-03-01, 18:31:51",ask,0.00769,0.25
LTCBTC,"2022-03-01, 18:31:51",ask,0.00798999,4.0
LTCBTC,"2022-03-01, 18:31:51",ask,0.008,0.2
LTCBTC,"2022-03-01, 18:31:51",ask,0.00999997,3.0
LTCBTC,"2022-03-01, 18:31:51",ask,0.01,1.0
LTCBTC,"2022-03-01, 18:31:51",ask,0.0100946,0.2
LTCBTC,"2022-03-01, 18:31:51",ask,0.01022919,0.4
LTCBTC,"2022-03-01, 18:31:51",ask,0.0198,20.0
LTCBTC,"2022-03-01, 18:31:51",ask,0.02,1.0
LTCBTC,"2022-03-01, 18:31:51",ask,0.022,1.15
LTCBTC,"2022-03-01, 18:31:51",ask,0.023,1.0
LTCBTC,"2022-03-01, 18:31:51",ask,0.0231,0.05
LTCBTC,"2022-03-01, 18:31:51",ask,0.024,1.0
LTCBTC,"2022-03-01, 18:31:51",ask,0.0245,3.0
LTCBTC,"2022-03-01, 18:31:51",ask,0.025,1.23
LTCBTC,"2022-03-01, 18:31:51",ask,0.026,1.23
LTCBTC,"2022-03-01, 18:31:51",ask,0.027,1.23
LTCBTC,"2022-03-01, 18:31:51",ask,0.028,1.23
LTCBTC,"2022-03-01, 18:31:51",ask,0.029,0.08
LTCBTC,"2022-03-01, 18:31:51",ask,0.03,0.08
LTCBTC,"2022-03-01, 18:31:51",ask,0.03113,0.05
LTCBTC,"2022-03-01, 18:31:51",ask,0.05,1.0
LTCBTC,"2022-03-01, 18:31:51",bid,0.0025749,2.3
LTCBTC,"2022-03-01, 18:31:51",bid,0.00257489,2.01
LTCBTC,"2022-03-01, 18:31:51",bid,0.00256711,50.35
LTCBTC,"2022-03-01, 18:31:51",bid,0.0025671,4.0
LTCBTC,"2022-03-01, 18:31:51",bid,0.002562,4.02
LTCBTC,"2022-03-01, 18:31:51",bid,0.00255663,0.91
LTCBTC,"2022-03-01, 18:31:51",bid,0.00255299,0.31
LTCBTC,"2022-03-01, 18:31:51",bid,0.00254557,0.36
LTCBTC,"2022-03-01, 18:31:51",bid,0.00253306,0.18
LTCBTC,"2022-03-01, 18:31:51",bid,0.00252872,0.36
LTCBTC,"2022-03-01, 18:31:51",bid,0.00251639,0.55
LTCBTC,"2022-03-01, 18:31:51",bid,0.0025,7.0
LTCBTC,"2022-03-01, 18:31:51",bid,0.0024058,3.77
LTCBTC,"2022-03-01, 18:31:51",bid,0.0023,1.0
LTCBTC,"2022-03-01, 18:31:51",bid,0.00222558,4.0
LTCBTC,"2022-03-01, 18:31:51",bid,0.002,1.0
LTCBTC,"2022-03-01, 18:31:51",bid,0.00186327,4.0
LTCBTC,"2022-03-01, 18:31:51",bid,0.00122,10.0
LTCBTC,"2022-03-01, 18:31:51",bid,0.00012,35.0
LTCBTC,"2022-03-01, 18:31:51",bid,0.0001,0.01
LTCBTC,"2022-03-01, 18:31:51",bid,1e-08,8340.0
PPCEUR,"2022-03-01, 18:31:51",ask,0.5641,27.81
PPCEUR,"2022-03-01, 18:31:51",ask,0.5652,27.75
PPCEUR,"2022-03-01, 18:31:51",ask,0.5664,27.69
PPCEUR,"2022-03-01, 18:31:51",ask,0.5676,27.64
PPCEUR,"2022-03-01, 18:31:51",ask,0.568,21.63
PPCEUR,"2022-03-01, 18:31:51",ask,0.5688,27.58
PPCEUR,"2022-03-01, 18:31:51",ask,0.57,27.52
PPCEUR,"2022-03-01, 18:31:51",ask,0.5712,27.46
PPCEUR,"2022-03-01, 18:31:51",ask,0.572,23.2
PPCEUR,"2022-03-01, 18:31:51",ask,0.5724,51.84
PPCEUR,"2022-03-01, 18:31:51",ask,0.5733,7.76
PPCEUR,"2022-03-01, 18:31:51",ask,0.5737,27.35
PPCEUR,"2022-03-01, 18:31:51",ask,0.5749,50.49
PPCEUR,"2022-03-01, 18:31:51",ask,0.5752,24.44
PPCEUR,"2022-03-01, 18:31:51",ask,0.5761,27.23
PPCEUR,"2022-03-01, 18:31:51",ask,0.5773,27.17
PPCEUR,"2022-03-01, 18:31:51",ask,0.5785,27.12
PPCEUR,"2022-03-01, 18:31:51",ask,0.5797,27.06
PPCEUR,"2022-03-01, 18:31:51",ask,0.5806,46.4
PPCEUR,"2022-03-01, 18:31:51",ask,0.5829,1.02
PPCEUR,"2022-03-01, 18:31:51",ask,0.5847,10.52
PPCEUR,"2022-03-01, 18:31:51",ask,0.5859,10.3
PPCEUR,"2022-03-01, 18:31:51",ask,0.5894,13.31
PPCEUR,"2022-03-01, 18:31:51",ask,0.5926,7.5
PPCEUR,"2022-03-01, 18:31:51",ask,0.5951,8.99
PPCEUR,"2022-03-01, 18:31:51",ask,0.6027,7.38
PPCEUR,"2022-03-01, 18:31:51",ask,0.61,57.6
PPCEUR,"2022-03-01, 18:31:51",ask,0.6101,5.0
PPCEUR,"2022-03-01, 18:31:51",ask,0.6103,6.54
PPCEUR,"2022-03-01, 18:31:51",ask,0.6106,11.9
PPCEUR,"2022-03-01, 18:31:51",ask,0.6112,20.65
PPCEUR,"2022-03-01, 18:31:51",ask,0.612,35.84
PPCEUR,"2022-03-01, 18:31:51",ask,0.6124,18.97
PPCEUR,"2022-03-01, 18:31:51",ask,0.6133,16.1
PPCEUR,"2022-03-01, 18:31:51",ask,0.6139,25.31
PPCEUR,"2022-03-01, 18:31:51",ask,0.614,51.71
PPCEUR,"2022-03-01, 18:31:51",ask,0.6147,6.43
PPCEUR,"2022-03-01, 18:31:51",ask,0.6161,64.53
PPCEUR,"2022-03-01, 18:31:51",ask,0.6177,32.02
PPCEUR,"2022-03-01, 18:31:51",ask,0.6181,10.4
PPCEUR,"2022-03-01, 18:31:51",ask,0.6185,14.34
PPCEUR,"2022-03-01, 18:31:51",ask,0.62,12.95
PPCEUR,"2022-03-01, 18:31:51",ask,0.6207,30.05
PPCEUR,"2022-03-01, 18:31:51",ask,0.6222,13.03
PPCEUR,"2022-03-01, 18:31:51",ask,0.6225,33.46
PPCEUR,"2022-03-01, 18:31:51",ask,0.6327,32.92
PPCEUR,"2022-03-01, 18:31:51",ask,0.6343,300.0
PPCEUR,"2022-03-01, 18:31:51",ask,0.64,516.73
PPCEUR,"2022-03-01, 18:31:51",ask,0.6431,32.39
PPCEUR,"2022-03-01, 18:31:51",ask,0.6464,19.65
PPCEUR,"2022-03-01, 18:31:51",ask,0.65,13.13
PPCEUR,"2022-03-01, 18:31:51",ask,0.6538,31.86
PPCEUR,"2022-03-01, 18:31:51",ask,0.66,3.08
PPCEUR,"2022-03-01, 18:31:51",ask,0.67,40.55
PPCEUR,"2022-03-01, 18:31:51",ask,0.68,229.98
PPCEUR,"2022-03-01, 18:31:51",ask,0.69,12.94
PPCEUR,"2022-03-01, 18:31:51",ask,0.7,102.9
PPCEUR,"2022-03-01, 18:31:51",ask,0.71,73.69
PPCEUR,"2022-03-01, 18:31:51",ask,0.7122,300.0
PPCEUR,"2022-03-01, 18:31:51",ask,0.72,37.38
PPCEUR,"2022-03-01, 18:31:51",ask,0.7299,17.8
PPCEUR,"2022-03-01, 18:31:51",ask,0.73,185.71
PPCEUR,"2022-03-01, 18:31:51",ask,0.74,2.74
PPCEUR,"2022-03-01, 18:31:51",ask,0.75,164.92
PPCEUR,"2022-03-01, 18:31:51",ask,0.76,139.64
PPCEUR,"2022-03-01, 18:31:51",ask,0.77,535.08
PPCEUR,"2022-03-01, 18:31:51",ask,0.78,2.6
PPCEUR,"2022-03-01, 18:31:51",ask,0.79,8115.31
PPCEUR,"2022-03-01, 18:31:51",ask,0.8,263.36
PPCEUR,"2022-03-01, 18:31:51",ask,0.81,2.5
PPCEUR,"2022-03-01, 18:31:51",ask,0.82,2.47
PPCEUR,"2022-03-01, 18:31:51",ask,0.83,2.44
PPCEUR,"2022-03-01, 18:31:51",ask,0.84,12.85
PPCEUR,"2022-03-01, 18:31:51",ask,0.85,21.59
PPCEUR,"2022-03-01, 18:31:51",ask,0.86,2.35
PPCEUR,"2022-03-01, 18:31:51",ask,0.87,2.33
PPCEUR,"2022-03-01, 18:31:51",ask,0.88,2.3
PPCEUR,"2022-03-01, 18:31:51",ask,0.89,2.27
PPCEUR,"2022-03-01, 18:31:51",ask,0.9,132.25
PPCEUR,"2022-03-01, 18:31:51",ask,0.91,2.22
PPCEUR,"2022-03-01, 18:31:51",ask,0.92,450.93
PPCEUR,"2022-03-01, 18:31:51",ask,0.93,101.03
PPCEUR,"2022-03-01, 18:31:51",ask,0.94,301.01
PPCEUR,"2022-03-01, 18:31:51",ask,0.95,2.13
PPCEUR,"2022-03-01, 18:31:51",ask,0.96,54.07
PPCEUR,"2022-03-01, 18:31:51",ask,0.97,2.08
PPCEUR,"2022-03-01, 18:31:51",ask,0.98,552.06
PPCEUR,"2022-03-01, 18:31:51",ask,0.99,2.04
PPCEUR,"2022-03-01, 18:31:51",ask,1.0,1263.02
PPCEUR,"2022-03-01, 18:31:51",ask,1.02,102.0
PPCEUR,"2022-03-01, 18:31:51",ask,1.03,101.98
PPCEUR,"2022-03-01, 18:31:51",ask,1.04,1.96
PPCEUR,"2022-03-01, 18:31:51",ask,1.05,101.94
PPCEUR,"2022-03-01, 18:31:51",ask,1.06,64.5
PPCEUR,"2022-03-01, 18:31:51",ask,1.07,27687.19
PPCEUR,"2022-03-01, 18:31:51",ask,1.08,2333.16
PPCEUR,"2022-03-01, 18:31:51",ask,1.09,1.87
PPCEUR,"2022-03-01, 18:31:51",ask,1.1,101.85
PPCEUR,"2022-03-01, 18:31:51",ask,1.11,1.83
PPCEUR,"2022-03-01, 18:31:51",ask,1.12,101.82
PPCEUR,"2022-03-01, 18:31:51",ask,1.13,1.8
PPCEUR,"2022-03-01, 18:31:51",ask,1.14,6.8
PPCEUR,"2022-03-01, 18:31:51",ask,1.15,16.77
PPCEUR,"2022-03-01, 18:31:51",ask,1.16,201.75
PPCEUR,"2022-03-01, 18:31:51",ask,1.17,1.74
PPCEUR,"2022-03-01, 18:31:51",ask,1.18,308.27
PPCEUR,"2022-03-01, 18:31:51",ask,1.19,30.37
PPCEUR,"2022-03-01, 18:31:51",ask,1.2,1076.28
PPCEUR,"2022-03-01, 18:31:51",ask,1.21,65.85
PPCEUR,"2022-03-01, 18:31:51",ask,1.22,1.65
PPCEUR,"2022-03-01, 18:31:51",ask,1.23,6.32
PPCEUR,"2022-03-01, 18:31:51",ask,1.24,8.86
PPCEUR,"2022-03-01, 18:31:51",ask,1.25,8.58
PPCEUR,"2022-03-01, 18:31:51",ask,1.26,21.1
PPCEUR,"2022-03-01, 18:31:51",ask,1.27,1.6
PPCEUR,"2022-03-01, 18:31:51",ask,1.28,1.59
PPCEUR,"2022-03-01, 18:31:51",ask,1.29,101.57
PPCEUR,"2022-03-01, 18:31:51",ask,1.3,27555.56
PPCEUR,"2022-03-01, 18:31:51",ask,1.31,1.55
PPCEUR,"2022-03-01, 18:31:51",ask,1.32,1.81
PPCEUR,"2022-03-01, 18:31:51",ask,1.33,1.53
PPCEUR,"2022-03-01, 18:31:51",ask,1.34,1.52
PPCEUR,"2022-03-01, 18:31:51",ask,1.35,150.5
PPCEUR,"2022-03-01, 18:31:51",ask,1.36,1.49
PPCEUR,"2022-03-01, 18:31:51",ask,1.37,2.79
PPCEUR,"2022-03-01, 18:31:51",ask,1.38,1.74
PPCEUR,"2022-03-01, 18:31:51",ask,1.39,1.73
PPCEUR,"2022-03-01, 18:31:51",ask,1.4,481.48
PPCEUR,"2022-03-01, 18:31:51",ask,1.41,201.44
PPCEUR,"2022-03-01, 18:31:51",ask,1.42,1.43
PPCEUR,"2022-03-01, 18:31:51",ask,1.43,1.42
PPCEUR,"2022-03-01, 18:31:51",ask,1.44,1.43
PPCEUR,"2022-03-01, 18:31:51",ask,1.45,1.59
PPCEUR,"2022-03-01, 18:31:51",ask,1.46,1.39
PPCEUR,"2022-03-01, 18:31:51",ask,1.47,1.65
PPCEUR,"2022-03-01, 18:31:51",ask,1.48,1.56
PPCEUR,"2022-03-01, 18:31:51",ask,1.49,1.36
PPCEUR,"2022-03-01, 18:31:51",ask,1.5,1.35
PPCEUR,"2022-03-01, 18:31:51",ask,1.51,1.8
PPCEUR,"2022-03-01, 18:31:51",ask,1.52,1.33
PPCEUR,"2022-03-01, 18:31:51",ask,1.53,1.51
PPCEUR,"2022-03-01, 18:31:51",ask,1.54,2.63
PPCEUR,"2022-03-01, 18:31:51",ask,1.55,1.31
PPCEUR,"2022-03-01, 18:31:51",ask,1.56,67.23
PPCEUR,"2022-03-01, 18:31:51",ask,1.57,1.29
PPCEUR,"2022-03-01, 18:31:51",ask,1.58,41.52
PPCEUR,"2022-03-01, 18:31:51",ask,1.59,1.27
PPCEUR,"2022-03-01, 18:31:51",ask,1.6,1338.51
PPCEUR,"2022-03-01, 18:31:51",ask,1.61,2.57
PPCEUR,"2022-03-01, 18:31:51",ask,1.62,5001.52
PPCEUR,"2022-03-01, 18:31:51",ask,1.64,122.0
PPCEUR,"2022-03-01, 18:31:51",ask,1.65,67.65
PPCEUR,"2022-03-01, 18:31:51",ask,1.67,150.0
PPCEUR,"2022-03-01, 18:31:51",ask,1.7,631.05
PPCEUR,"2022-03-01, 18:31:51",ask,1.71,50.27
PPCEUR,"2022-03-01, 18:31:51",ask,1.73,50.0
PPCEUR,"2022-03-01, 18:31:51",ask,1.74,50.0
PPCEUR,"2022-03-01, 18:31:51",ask,1.75,200.0
PPCEUR,"2022-03-01, 18:31:51",ask,1.77,117.27
PPCEUR,"2022-03-01, 18:31:51",ask,1.79,0.27
PPCEUR,"2022-03-01, 18:31:51",ask,1.8,263.9
PPCEUR,"2022-03-01, 18:31:51",ask,1.84,68.8
PPCEUR,"2022-03-01, 18:31:51",ask,1.85,20.0
PPCEUR,"2022-03-01, 18:31:51",ask,1.86,20.0
PPCEUR,"2022-03-01, 18:31:51",ask,1.87,20.0
PPCEUR,"2022-03-01, 18:31:51",ask,1.89,32.49
PPCEUR,"2022-03-01, 18:31:51",ask,1.99,124.92
PPCEUR,"2022-03-01, 18:31:51",ask,2.0,465.3
PPCEUR,"2022-03-01, 18:31:51",ask,2.09,2.35
PPCEUR,"2022-03-01, 18:31:51",ask,2.2,550.0
PPCEUR,"2022-03-01, 18:31:51",ask,2.22,2.35
PPCEUR,"2022-03-01, 18:31:51",ask,2.33,3.0
PPCEUR,"2022-03-01, 18:31:51",ask,2.4,14.0
PPCEUR,"2022-03-01, 18:31:51",ask,2.5,50.0
PPCEUR,"2022-03-01, 18:31:51",ask,2.66,2.35
PPCEUR,"2022-03-01, 18:31:51",ask,2.67,6.42
PPCEUR,"2022-03-01, 18:31:51",ask,2.7,57.0
PPCEUR,"2022-03-01, 18:31:51",ask,2.73,29.02
PPCEUR,"2022-03-01, 18:31:51",ask,2.76,14.51
PPCEUR,"2022-03-01, 18:31:51",ask,2.77,17.51
PPCEUR,"2022-03-01, 18:31:51",ask,2.86,8.66
PPCEUR,"2022-03-01, 18:31:51",ask,2.98,56.97
PPCEUR,"2022-03-01, 18:31:51",ask,3.0,10794.0
PPCEUR,"2022-03-01, 18:31:51",ask,3.09,23.29
PPCEUR,"2022-03-01, 18:31:51",ask,3.1,566.42
PPCEUR,"2022-03-01, 18:31:51",ask,3.11,25.42
PPCEUR,"2022-03-01, 18:31:51",ask,3.15,3.15
PPCEUR,"2022-03-01, 18:31:51",ask,3.16,6.8
PPCEUR,"2022-03-01, 18:31:51",ask,3.24,20.6
PPCEUR,"2022-03-01, 18:31:51",ask,3.25,500.0
PPCEUR,"2022-03-01, 18:31:51",ask,3.31,3.0
PPCEUR,"2022-03-01, 18:31:51",ask,3.34,4.53
PPCEUR,"2022-03-01, 18:31:51",ask,3.35,60.48
PPCEUR,"2022-03-01, 18:31:51",ask,3.5,431.0
PPCEUR,"2022-03-01, 18:31:51",ask,3.54,15.54
PPCEUR,"2022-03-01, 18:31:51",ask,3.58,28.0
PPCEUR,"2022-03-01, 18:31:51",ask,3.7,1100.0
PPCEUR,"2022-03-01, 18:31:51",ask,3.71,7.57
PPCEUR,"2022-03-01, 18:31:51",ask,3.73,1.0
PPCEUR,"2022-03-01, 18:31:51",ask,3.75,10.0
PPCEUR,"2022-03-01, 18:31:51",ask,3.78,43.68
PPCEUR,"2022-03-01, 18:31:51",ask,3.79,86.0
PPCEUR,"2022-03-01, 18:31:51",ask,3.8,100.0
PPCEUR,"2022-03-01, 18:31:51",ask,3.82,66.0
PPCEUR,"2022-03-01, 18:31:51",ask,3.9,4.5
PPCEUR,"2022-03-01, 18:31:51",ask,3.99,86.68
PPCEUR,"2022-03-01, 18:31:51",ask,4.0,547.55
PPCEUR,"2022-03-01, 18:31:51",ask,4.11,15.0
PPCEUR,"2022-03-01, 18:31:51",ask,4.3,800.0
PPCEUR,"2022-03-01, 18:31:51",ask,4.5,300.0
PPCEUR,"2022-03-01, 18:31:51",ask,4.6,10.0
PPCEUR,"2022-03-01, 18:31:51",ask,4.72,25.0
PPCEUR,"2022-03-01, 18:31:51",ask,4.97,129.05
PPCEUR,"2022-03-01, 18:31:51",ask,5.0,237.34
PPCEUR,"2022-03-01, 18:31:51",ask,5.01,180.04
PPCEUR,"2022-03-01, 18:31:51",ask,5.1,7.25
PPCEUR,"2022-03-01, 18:31:51",ask,5.13,0.3
PPCEUR,"2022-03-01, 18:31:51",ask,5.17,3.0
PPCEUR,"2022-03-01, 18:31:51",ask,5.25,46.0
PPCEUR,"2022-03-01, 18:31:51",ask,5.28,9.0
PPCEUR,"2022-03-01, 18:31:51",ask,5.49,20.0
PPCEUR,"2022-03-01, 18:31:51",ask,5.66,5.0
PPCEUR,"2022-03-01, 18:31:51",ask,5.77,2147.6
PPCEUR,"2022-03-01, 18:31:51",ask,5.89,30.0
PPCEUR,"2022-03-01, 18:31:51",ask,5.9,15.0
PPCEUR,"2022-03-01, 18:31:51",ask,6.23,107.58
PPCEUR,"2022-03-01, 18:31:51",ask,6.26,2.5
PPCEUR,"2022-03-01, 18:31:51",ask,6.5,100.0
PPCEUR,"2022-03-01, 18:31:51",ask,7.7,57.0
PPCEUR,"2022-03-01, 18:31:51",ask,7.77,7.55
PPCEUR,"2022-03-01, 18:31:51",ask,7.88,30.0
PPCEUR,"2022-03-01, 18:31:51",ask,8.0,250.0
PPCEUR,"2022-03-01, 18:31:51",ask,8.35,1000.0
PPCEUR,"2022-03-01, 18:31:51",ask,8.5,17.0
PPCEUR,"2022-03-01, 18:31:51",ask,8.8,150.0
PPCEUR,"2022-03-01, 18:31:51",ask,8.88,20.0
PPCEUR,"2022-03-01, 18:31:51",ask,8.94,55.93
PPCEUR,"2022-03-01, 18:31:51",ask,9.0,751.0
PPCEUR,"2022-03-01, 18:31:51",ask,10.0,805.7
PPCEUR,"2022-03-01, 18:31:51",ask,11.55,2.0
PPCEUR,"2022-03-01, 18:31:51",ask,12.5,240.0
PPCEUR,"2022-03-01, 18:31:51",ask,49.0,30.0
PPCEUR,"2022-03-01, 18:31:51",ask,56.0,101.18
PPCEUR,"2022-03-01, 18:31:51",ask,79.0,442.0
PPCEUR,"2022-03-01, 18:31:51",ask,85.0,558.0
PPCEUR,"2022-03-01, 18:31:51",ask,95.0,3.0
PPCEUR,"2022-03-01, 18:31:51",ask,99.0,6.0
PPCEUR,"2022-03-01, 18:31:51",ask,100.0,151.0
PPCEUR,"2022-03-01, 18:31:51",ask,290.0,3.0
PPCEUR,"2022-03-01, 18:31:51",ask,333.0,1.0
PPCEUR,"2022-03-01, 18:31:51",ask,490.0,3.0
PPCEUR,"2022-03-01, 18:31:51",ask,545.0,93.0
PPCEUR,"2022-03-01, 18:31:51",ask,690.0,3.0
PPCEUR,"2022-03-01, 18:31:51",ask,990.0,5.0
PPCEUR,"2022-03-01, 18:31:51",ask,1000.0,200.0
PPCEUR,"2022-03-01, 18:31:51",ask,1500.0,250.0
PPCEUR,"2022-03-01, 18:31:51",ask,9990.0,3.0
PPCEUR,"2022-03-01, 18:31:51",ask,50000.0,100.0
PPCEUR,"2022-03-01, 18:31:51",bid,0.5607,15.3
PPCEUR,"2022-03-01, 18:31:51",bid,0.56,12.16
PPCEUR,"2022-03-01, 18:31:51",bid,0.5597,27.86
PPCEUR,"2022-03-01, 18:31:51",bid,0.5586,27.92
PPCEUR,"2022-03-01, 18:31:51",bid,0.5575,27.97
PPCEUR,"2022-03-01, 18:31:51",bid,0.5572,12.16
PPCEUR,"2022-03-01, 18:31:51",bid,0.5564,28.03
PPCEUR,"2022-03-01, 18:31:51",bid,0.5553,28.08
PPCEUR,"2022-03-01, 18:31:51",bid,0.5542,28.14
PPCEUR,"2022-03-01, 18:31:51",bid,0.554,5.39
PPCEUR,"2022-03-01, 18:31:51",bid,0.5539,208.66
PPCEUR,"2022-03-01, 18:31:51",bid,0.5531,28.2
PPCEUR,"2022-03-01, 18:31:51",bid,0.5521,7.88
PPCEUR,"2022-03-01, 18:31:51",bid,0.552,28.25
PPCEUR,"2022-03-01, 18:31:51",bid,0.5516,24.32
PPCEUR,"2022-03-01, 18:31:51",bid,0.5509,28.31
PPCEUR,"2022-03-01, 18:31:51",bid,0.5498,28.36
PPCEUR,"2022-03-01, 18:31:51",bid,0.5487,28.42
PPCEUR,"2022-03-01, 18:31:51",bid,0.5476,28.48
PPCEUR,"2022-03-01, 18:31:51",bid,0.5475,29.55
PPCEUR,"2022-03-01, 18:31:51",bid,0.5465,28.54
PPCEUR,"2022-03-01, 18:31:51",bid,0.5454,28.59
PPCEUR,"2022-03-01, 18:31:51",bid,0.5443,28.65
PPCEUR,"2022-03-01, 18:31:51",bid,0.5432,28.71
PPCEUR,"2022-03-01, 18:31:51",bid,0.543,8.02
PPCEUR,"2022-03-01, 18:31:51",bid,0.5421,28.77
PPCEUR,"2022-03-01, 18:31:51",bid,0.541,28.83
PPCEUR,"2022-03-01, 18:31:51",bid,0.5399,28.89
PPCEUR,"2022-03-01, 18:31:51",bid,0.5388,28.94
PPCEUR,"2022-03-01, 18:31:51",bid,0.5377,29.0
PPCEUR,"2022-03-01, 18:31:51",bid,0.5366,29.06
PPCEUR,"2022-03-01, 18:31:51",bid,0.536,56.35
PPCEUR,"2022-03-01, 18:31:51",bid,0.5356,29.12
PPCEUR,"2022-03-01, 18:31:51",bid,0.5346,29.17
PPCEUR,"2022-03-01, 18:31:51",bid,0.534,8.15
PPCEUR,"2022-03-01, 18:31:51",bid,0.5335,29.23
PPCEUR,"2022-03-01, 18:31:51",bid,0.5334,56.35
PPCEUR,"2022-03-01, 18:31:51",bid,0.5325,29.29
PPCEUR,"2022-03-01, 18:31:51",bid,0.5314,29.35
PPCEUR,"2022-03-01, 18:31:51",bid,0.5304,29.4
PPCEUR,"2022-03-01, 18:31:51",bid,0.5293,29.46
PPCEUR,"2022-03-01, 18:31:51",bid,0.5283,29.52
PPCEUR,"2022-03-01, 18:31:51",bid,0.5273,29.58
PPCEUR,"2022-03-01, 18:31:51",bid,0.5262,29.64
PPCEUR,"2022-03-01, 18:31:51",bid,0.5253,8.29
PPCEUR,"2022-03-01, 18:31:51",bid,0.5252,29.69
PPCEUR,"2022-03-01, 18:31:51",bid,0.5242,29.75
PPCEUR,"2022-03-01, 18:31:51",bid,0.5232,29.81
PPCEUR,"2022-03-01, 18:31:51",bid,0.5221,29.87
PPCEUR,"2022-03-01, 18:31:51",bid,0.5211,29.93
PPCEUR,"2022-03-01, 18:31:51",bid,0.5201,29.98
PPCEUR,"2022-03-01, 18:31:51",bid,0.5191,30.04
PPCEUR,"2022-03-01, 18:31:51",bid,0.5188,34.74
PPCEUR,"2022-03-01, 18:31:51",bid,0.5181,30.1
PPCEUR,"2022-03-01, 18:31:51",bid,0.517,30.16
PPCEUR,"2022-03-01, 18:31:51",bid,0.5166,8.43
PPCEUR,"2022-03-01, 18:31:51",bid,0.516,30.22
PPCEUR,"2022-03-01, 18:31:51",bid,0.515,30.28
PPCEUR,"2022-03-01, 18:31:51",bid,0.514,30.34
PPCEUR,"2022-03-01, 18:31:51",bid,0.5081,8.57
PPCEUR,"2022-03-01, 18:31:51",bid,0.4997,8.71
PPCEUR,"2022-03-01, 18:31:51",bid,0.497,61.51
PPCEUR,"2022-03-01, 18:31:51",bid,0.4915,8.86
PPCEUR,"2022-03-01, 18:31:51",bid,0.4903,6.09
PPCEUR,"2022-03-01, 18:31:51",bid,0.4897,68.77
PPCEUR,"2022-03-01, 18:31:51",bid,0.4894,10.0
PPCEUR,"2022-03-01, 18:31:51",bid,0.4854,14.88
PPCEUR,"2022-03-01, 18:31:51",bid,0.4834,9.01
PPCEUR,"2022-03-01, 18:31:51",bid,0.4755,9.16
PPCEUR,"2022-03-01, 18:31:51",bid,0.4676,9.31
PPCEUR,"2022-03-01, 18:31:51",bid,0.46,9.46
PPCEUR,"2022-03-01, 18:31:51",bid,0.43,100.0
PPCEUR,"2022-03-01, 18:31:51",bid,0.42,100.0
PPCEUR,"2022-03-01, 18:31:51",bid,0.41,50.0
PPCEUR,"2022-03-01, 18:31:51",bid,0.39,50.0
PPCEUR,"2022-03-01, 18:31:51",bid,0.38,50.0
PPCEUR,"2022-03-01, 18:31:51",bid,0.37,50.0
PPCEUR,"2022-03-01, 18:31:51",bid,0.36,50.0
PPCEUR,"2022-03-01, 18:31:51",bid,0.35,58.0
PPCEUR,"2022-03-01, 18:31:51",bid,0.34,50.0
PPCEUR,"2022-03-01, 18:31:51",bid,0.31,97.53
PPCEUR,"2022-03-01, 18:31:51",bid,0.3,3930.0
PPCEUR,"2022-03-01, 18:31:51",bid,0.29,166.67
PPCEUR,"2022-03-01, 18:31:51",bid,0.28,3.45
PPCEUR,"2022-03-01, 18:31:51",bid,0.25,14.81
PPCEUR,"2022-03-01, 18:31:51",bid,0.22,5623.18
PPCEUR,"2022-03-01, 18:31:51",bid,0.2,4500.0
PPCEUR,"2022-03-01, 18:31:51",bid,0.19,55.01
PPCEUR,"2022-03-01, 18:31:51",bid,0.18,105.26
PPCEUR,"2022-03-01, 18:31:51",bid,0.17,57.55
PPCEUR,"2022-03-01, 18:31:51",bid,0.16,88.23
PPCEUR,"2022-03-01, 18:31:51",bid,0.15,77.0
PPCEUR,"2022-03-01, 18:31:51",bid,0.1,203.7
PPCEUR,"2022-03-01, 18:31:51",bid,0.06,100.0
PPCEUR,"2022-03-01, 18:31:51",bid,0.05,1000.0
PPCEUR,"2022-03-01, 18:31:51",bid,0.02,10000.0
EURXRP,"2022-03-01, 18:31:51",ask,1.4345,326.25
EURXRP,"2022-03-01, 18:31:51",ask,1.4417,652.5
EURXRP,"2022-03-01, 18:31:51",ask,1.4432,16.61
EURXRP,"2022-03-01, 18:31:51",ask,1.4472,20.16
EURXRP,"2022-03-01, 18:31:51",ask,1.4499,31.53
EURXRP,"2022-03-01, 18:31:51",ask,1.45,826.0
EURXRP,"2022-03-01, 18:31:51",ask,1.4525,1305.0
EURXRP,"2022-03-01, 18:31:51",ask,1.46,30.0
EURXRP,"2022-03-01, 18:31:51",ask,1.4617,40.32
EURXRP,"2022-03-01, 18:31:51",ask,1.4618,12.62
EURXRP,"2022-03-01, 18:31:51",ask,1.4668,15.89
EURXRP,"2022-03-01, 18:31:51",ask,1.47,30.0
EURXRP,"2022-03-01, 18:31:51",ask,1.4705,21.39
EURXRP,"2022-03-01, 18:31:51",ask,1.477,21.39
EURXRP,"2022-03-01, 18:31:51",ask,1.48,30.0
EURXRP,"2022-03-01, 18:31:51",ask,1.4818,48.46
EURXRP,"2022-03-01, 18:31:51",ask,1.49,30.0
EURXRP,"2022-03-01, 18:31:51",ask,1.4948,45.28
EURXRP,"2022-03-01, 18:31:51",ask,1.5,130.0
EURXRP,"2022-03-01, 18:31:51",ask,1.501,37.9
EURXRP,"2022-03-01, 18:31:51",ask,1.502,1.35
EURXRP,"2022-03-01, 18:31:51",ask,1.51,30.0
EURXRP,"2022-03-01, 18:31:51",ask,1.5162,18.95
EURXRP,"2022-03-01, 18:31:51",ask,1.52,30.0
EURXRP,"2022-03-01, 18:31:51",ask,1.5237,18.95
EURXRP,"2022-03-01, 18:31:51",ask,1.53,30.0
EURXRP,"2022-03-01, 18:31:51",ask,1.5374,5.0
EURXRP,"2022-03-01, 18:31:51",ask,1.54,30.0
EURXRP,"2022-03-01, 18:31:51",ask,1.5452,5.0
EURXRP,"2022-03-01, 18:31:51",ask,1.55,260.0
EURXRP,"2022-03-01, 18:31:51",ask,1.5515,10.63
EURXRP,"2022-03-01, 18:31:51",ask,1.5528,24.78
EURXRP,"2022-03-01, 18:31:51",ask,1.5593,10.63
EURXRP,"2022-03-01, 18:31:51",ask,1.5596,1.35
EURXRP,"2022-03-01, 18:31:51",ask,1.56,30.0
EURXRP,"2022-03-01, 18:31:51",ask,1.5619,12.78
EURXRP,"2022-03-01, 18:31:51",ask,1.57,130.0
EURXRP,"2022-03-01, 18:31:51",ask,1.5727,65.01
EURXRP,"2022-03-01, 18:31:51",ask,1.5769,413.57
EURXRP,"2022-03-01, 18:31:51",ask,1.5775,3.13
EURXRP,"2022-03-01, 18:31:51",ask,1.578,472.33
EURXRP,"2022-03-01, 18:31:51",ask,1.58,30.0
EURXRP,"2022-03-01, 18:31:51",ask,1.5889,53.16
EURXRP,"2022-03-01, 18:31:51",ask,1.5918,168.62
EURXRP,"2022-03-01, 18:31:51",ask,1.5948,532.74
EURXRP,"2022-03-01, 18:31:51",ask,1.5998,84.31
EURXRP,"2022-03-01, 18:31:51",ask,1.5999,13.08
EURXRP,"2022-03-01, 18:31:51",ask,1.6,140.0
EURXRP,"2022-03-01, 18:31:51",ask,1.6079,13.08
EURXRP,"2022-03-01, 18:31:51",ask,1.61,30.0
EURXRP,"2022-03-01, 18:31:51",ask,1.6139,14.89
EURXRP,"2022-03-01, 18:31:51",ask,1.6177,15.0
EURXRP,"2022-03-01, 18:31:51",ask,1.618,3.0
EURXRP,"2022-03-01, 18:31:51",ask,1.6194,1.35
EURXRP,"2022-03-01, 18:31:51",ask,1.62,30.0
EURXRP,"2022-03-01, 18:31:51",ask,1.621,1.72
EURXRP,"2022-03-01, 18:31:51",ask,1.6219,14.89
EURXRP,"2022-03-01, 18:31:51",ask,1.6294,9.23
EURXRP,"2022-03-01, 18:31:51",ask,1.6335,19.96
EURXRP,"2022-03-01, 18:31:51",ask,1.64,30.0
EURXRP,"2022-03-01, 18:31:51",ask,1.66,30.0
EURXRP,"2022-03-01, 18:31:51",ask,1.6602,25.48
EURXRP,"2022-03-01, 18:31:51",ask,1.6623,15.7
EURXRP,"2022-03-01, 18:31:51",ask,1.6693,94.75
EURXRP,"2022-03-01, 18:31:51",ask,1.68,30.0
EURXRP,"2022-03-01, 18:31:51",ask,1.6814,1.35
EURXRP,"2022-03-01, 18:31:51",ask,1.6876,14.08
EURXRP,"2022-03-01, 18:31:51",ask,1.7,130.0
EURXRP,"2022-03-01, 18:31:51",ask,1.7095,29.56
EURXRP,"2022-03-01, 18:31:51",ask,1.71,30.0
EURXRP,"2022-03-01, 18:31:51",ask,1.72,2243.65
EURXRP,"2022-03-01, 18:31:51",ask,1.7223,7.55
EURXRP,"2022-03-01, 18:31:51",ask,1.73,1030.0
EURXRP,"2022-03-01, 18:31:51",ask,1.731,7.55
EURXRP,"2022-03-01, 18:31:51",ask,1.74,30.0
EURXRP,"2022-03-01, 18:31:51",ask,1.7458,1.35
EURXRP,"2022-03-01, 18:31:51",ask,1.75,30.0
EURXRP,"2022-03-01, 18:31:51",ask,1.7554,60.43
EURXRP,"2022-03-01, 18:31:51",ask,1.7594,4.32
EURXRP,"2022-03-01, 18:31:51",ask,1.76,865.0
EURXRP,"2022-03-01, 18:31:51",ask,1.7681,7.39
EURXRP,"2022-03-01, 18:31:51",ask,1.7732,28.05
EURXRP,"2022-03-01, 18:31:51",ask,1.774,33.81
EURXRP,"2022-03-01, 18:31:51",ask,1.78,30.0
EURXRP,"2022-03-01, 18:31:51",ask,1.7859,51.69
EURXRP,"2022-03-01, 18:31:51",ask,1.7948,51.69
EURXRP,"2022-03-01, 18:31:51",ask,1.7991,30.77
EURXRP,"2022-03-01, 18:31:51",ask,1.8,2780.0
EURXRP,"2022-03-01, 18:31:51",ask,1.8006,41.16
EURXRP,"2022-03-01, 18:31:51",ask,1.802,46.8
EURXRP,"2022-03-01, 18:31:51",ask,1.8023,50.0
EURXRP,"2022-03-01, 18:31:51",ask,1.8026,49.9
EURXRP,"2022-03-01, 18:31:51",ask,1.81,250.0
EURXRP,"2022-03-01, 18:31:51",ask,1.8113,12.49
EURXRP,"2022-03-01, 18:31:51",ask,1.8127,1.35
EURXRP,"2022-03-01, 18:31:51",ask,1.8199,500.0
EURXRP,"2022-03-01, 18:31:51",ask,1.82,30.0
EURXRP,"2022-03-01, 18:31:51",ask,1.84,33.87
EURXRP,"2022-03-01, 18:31:51",ask,1.8445,30.98
EURXRP,"2022-03-01, 18:31:51",ask,1.85,400.71
EURXRP,"2022-03-01, 18:31:51",ask,1.8631,15.49
EURXRP,"2022-03-01, 18:31:51",ask,1.8714,6.51
EURXRP,"2022-03-01, 18:31:51",ask,1.8725,15.49
EURXRP,"2022-03-01, 18:31:51",ask,1.8766,10.0
EURXRP,"2022-03-01, 18:31:51",ask,1.8775,1.0
EURXRP,"2022-03-01, 18:31:51",ask,1.8776,3.0
EURXRP,"2022-03-01, 18:31:51",ask,1.879,20.0
EURXRP,"2022-03-01, 18:31:51",ask,1.8806,6.51
EURXRP,"2022-03-01, 18:31:51",ask,1.8934,6.1
EURXRP,"2022-03-01, 18:31:51",ask,1.9,80.0
EURXRP,"2022-03-01, 18:31:51",ask,1.9032,7.74
EURXRP,"2022-03-01, 18:31:51",ask,1.9077,5.32
EURXRP,"2022-03-01, 18:31:51",ask,1.908,12.63
EURXRP,"2022-03-01, 18:31:51",ask,1.91,140.1
EURXRP,"2022-03-01, 18:31:51",ask,1.92,261.0
EURXRP,"2022-03-01, 18:31:51",ask,1.94,151.08
EURXRP,"2022-03-01, 18:31:51",ask,1.96,120.08
EURXRP,"2022-03-01, 18:31:51",ask,1.97,2638.93
EURXRP,"2022-03-01, 18:31:51",ask,1.98,77.76
EURXRP,"2022-03-01, 18:31:51",ask,1.99,400.0
EURXRP,"2022-03-01, 18:31:51",ask,2.0,1997.34
EURXRP,"2022-03-01, 18:31:51",ask,2.01,96.85
EURXRP,"2022-03-01, 18:31:51",ask,2.03,72.07
EURXRP,"2022-03-01, 18:31:51",ask,2.04,96.46
EURXRP,"2022-03-01, 18:31:51",ask,2.05,36.75
EURXRP,"2022-03-01, 18:31:51",ask,2.07,8.04
EURXRP,"2022-03-01, 18:31:51",ask,2.08,13.15
EURXRP,"2022-03-01, 18:31:51",ask,2.09,12.83
EURXRP,"2022-03-01, 18:31:51",ask,2.1,464.38
EURXRP,"2022-03-01, 18:31:51",ask,2.11,25.67
EURXRP,"2022-03-01, 18:31:51",ask,2.12,45.97
EURXRP,"2022-03-01, 18:31:51",ask,2.13,8.63
EURXRP,"2022-03-01, 18:31:51",ask,2.14,509.0
EURXRP,"2022-03-01, 18:31:51",ask,2.15,215.0
EURXRP,"2022-03-01, 18:31:51",ask,2.18,8.83
EURXRP,"2022-03-01, 18:31:51",ask,2.2,8.91
EURXRP,"2022-03-01, 18:31:51",ask,2.21,8.91
EURXRP,"2022-03-01, 18:31:51",ask,2.22,5519.27
EURXRP,"2022-03-01, 18:31:51",ask,2.24,21.68
EURXRP,"2022-03-01, 18:31:51",ask,2.25,553.69
EURXRP,"2022-03-01, 18:31:51",ask,2.28,664.76
EURXRP,"2022-03-01, 18:31:51",ask,2.32,465.84
EURXRP,"2022-03-01, 18:31:51",ask,2.36,500.0
EURXRP,"2022-03-01, 18:31:51",ask,2.47,20.8
EURXRP,"2022-03-01, 18:31:51",ask,2.5,1111.08
EURXRP,"2022-03-01, 18:31:51",ask,2.61,12.94
EURXRP,"2022-03-01, 18:31:51",ask,2.62,49.3
EURXRP,"2022-03-01, 18:31:51",ask,2.63,8.83
EURXRP,"2022-03-01, 18:31:51",ask,2.65,92.35
EURXRP,"2022-03-01, 18:31:51",ask,2.68,528.16
EURXRP,"2022-03-01, 18:31:51",ask,2.69,2.02
EURXRP,"2022-03-01, 18:31:51",ask,2.7,300.0
EURXRP,"2022-03-01, 18:31:51",ask,2.71,2.13
EURXRP,"2022-03-01, 18:31:51",ask,2.73,5.62
EURXRP,"2022-03-01, 18:31:51",ask,2.75,3.24
EURXRP,"2022-03-01, 18:31:51",ask,2.77,15.94
EURXRP,"2022-03-01, 18:31:51",ask,2.79,4.62
EURXRP,"2022-03-01, 18:31:51",ask,2.8,2500.0
EURXRP,"2022-03-01, 18:31:51",ask,2.81,5.45
EURXRP,"2022-03-01, 18:31:51",ask,2.83,5.47
EURXRP,"2022-03-01, 18:31:51",ask,2.85,1.0
EURXRP,"2022-03-01, 18:31:51",ask,2.99,215.0
EURXRP,"2022-03-01, 18:31:51",ask,3.0,2604.94
EURXRP,"2022-03-01, 18:31:51",ask,3.01,2.32
EURXRP,"2022-03-01, 18:31:51",ask,3.05,1001.39
EURXRP,"2022-03-01, 18:31:51",ask,3.15,3.16
EURXRP,"2022-03-01, 18:31:51",ask,3.19,2.72
EURXRP,"2022-03-01, 18:31:51",ask,3.2,8.0
EURXRP,"2022-03-01, 18:31:51",ask,3.23,1.5
EURXRP,"2022-03-01, 18:31:51",ask,3.27,25.0
EURXRP,"2022-03-01, 18:31:51",ask,3.31,3.92
EURXRP,"2022-03-01, 18:31:51",ask,3.33,250.0
EURXRP,"2022-03-01, 18:31:51",ask,3.35,1.96
EURXRP,"2022-03-01, 18:31:51",ask,3.43,1.12
EURXRP,"2022-03-01, 18:31:51",ask,3.45,37.14
EURXRP,"2022-03-01, 18:31:51",ask,3.47,18.31
EURXRP,"2022-03-01, 18:31:51",ask,3.49,40.0
EURXRP,"2022-03-01, 18:31:51",ask,3.52,2.13
EURXRP,"2022-03-01, 18:31:51",ask,3.59,10.96
EURXRP,"2022-03-01, 18:31:51",ask,3.61,5.48
EURXRP,"2022-03-01, 18:31:51",ask,3.65,17.22
EURXRP,"2022-03-01, 18:31:51",ask,3.67,8.61
EURXRP,"2022-03-01, 18:31:51",ask,3.71,227.3
EURXRP,"2022-03-01, 18:31:51",ask,3.75,213.35
EURXRP,"2022-03-01, 18:31:51",ask,3.81,5.03
EURXRP,"2022-03-01, 18:31:51",ask,4.0,376.5
EURXRP,"2022-03-01, 18:31:51",ask,4.2,400.0
EURXRP,"2022-03-01, 18:31:51",ask,4.39,36.0
EURXRP,"2022-03-01, 18:31:51",ask,4.41,18.0
EURXRP,"2022-03-01, 18:31:51",ask,4.45,18.07
EURXRP,"2022-03-01, 18:31:51",ask,4.49,1921.77
EURXRP,"2022-03-01, 18:31:51",ask,4.5,250.0
EURXRP,"2022-03-01, 18:31:51",ask,4.8,350.0
EURXRP,"2022-03-01, 18:31:51",ask,5.0,9742.83
EURXRP,"2022-03-01, 18:31:51",ask,5.45,1.0
EURXRP,"2022-03-01, 18:31:51",ask,5.5,350.0
EURXRP,"2022-03-01, 18:31:51",ask,6.0,350.0
EURXRP,"2022-03-01, 18:31:51",ask,6.2,10.0
EURXRP,"2022-03-01, 18:31:51",ask,6.66,2000.0
EURXRP,"2022-03-01, 18:31:51",ask,6.81,51.54
EURXRP,"2022-03-01, 18:31:51",ask,6.9,170.0
EURXRP,"2022-03-01, 18:31:51",ask,7.9,25.0
EURXRP,"2022-03-01, 18:31:51",ask,10.0,100.0
EURXRP,"2022-03-01, 18:31:51",ask,13.06,99.8
EURXRP,"2022-03-01, 18:31:51",ask,23.0,5.0
EURXRP,"2022-03-01, 18:31:51",ask,57.0,0.8
EURXRP,"2022-03-01, 18:31:51",ask,60.0,1.0
EURXRP,"2022-03-01, 18:31:51",ask,64.0,9.9
EURXRP,"2022-03-01, 18:31:51",ask,100.0,0.31
EURXRP,"2022-03-01, 18:31:51",ask,120.0,73.0
EURXRP,"2022-03-01, 18:31:51",ask,121.0,5.0
EURXRP,"2022-03-01, 18:31:51",ask,152.0,5.0
EURXRP,"2022-03-01, 18:31:51",ask,200.0,0.98
EURXRP,"2022-03-01, 18:31:51",ask,400.0,17.52
EURXRP,"2022-03-01, 18:31:51",ask,490.0,1.0
EURXRP,"2022-03-01, 18:31:51",ask,666.0,1.61
EURXRP,"2022-03-01, 18:31:51",ask,4000.0,0.15
EURXRP,"2022-03-01, 18:31:51",ask,7437.0,1.0
EURXRP,"2022-03-01, 18:31:51",ask,9900.0,1.0
EURXRP,"2022-03-01, 18:31:51",ask,19000.0,1.0
EURXRP,"2022-03-01, 18:31:51",ask,24250.0,1.0
EURXRP,"2022-03-01, 18:31:51",ask,28746.0,1.0
EURXRP,"2022-03-01, 18:31:51",ask,30000.0,1.0
EURXRP,"2022-03-01, 18:31:51",ask,99999999.0,1.0
EURXRP,"2022-03-01, 18:31:51",bid,1.4212,395.58
EURXRP,"2022-03-01, 18:31:51",bid,1.4211,4.85
EURXRP,"2022-03-01, 18:31:51",bid,1.42,744.3
EURXRP,"2022-03-01, 18:31:51",bid,1.4141,791.16
EURXRP,"2022-03-01, 18:31:51",bid,1.414,4.85
EURXRP,"2022-03-01, 18:31:51",bid,1.41,30.3
EURXRP,"2022-03-01, 18:31:51",bid,1.4056,172.78
EURXRP,"2022-03-01, 18:31:51",bid,1.4035,3210.41
EURXRP,"2022-03-01, 18:31:51",bid,1.4,30.3
EURXRP,"2022-03-01, 18:31:51",bid,1.3999,9.7
EURXRP,"2022-03-01, 18:31:51",bid,1.3936,67.65
EURXRP,"2022-03-01, 18:31:51",bid,1.3917,86.39
EURXRP,"2022-03-01, 18:31:51",bid,1.39,30.31
EURXRP,"2022-03-01, 18:31:51",bid,1.388,1.35
EURXRP,"2022-03-01, 18:31:51",bid,1.3848,86.39
EURXRP,"2022-03-01, 18:31:51",bid,1.381,50.0
EURXRP,"2022-03-01, 18:31:51",bid,1.38,132.31
EURXRP,"2022-03-01, 18:31:51",bid,1.3789,29.09
EURXRP,"2022-03-01, 18:31:51",bid,1.37,30.3
EURXRP,"2022-03-01, 18:31:51",bid,1.362,288.0
EURXRP,"2022-03-01, 18:31:51",bid,1.36,30.31
EURXRP,"2022-03-01, 18:31:51",bid,1.35,870.3
EURXRP,"2022-03-01, 18:31:51",bid,1.3437,46.83
EURXRP,"2022-03-01, 18:31:51",bid,1.3405,17.85
EURXRP,"2022-03-01, 18:31:51",bid,1.34,837.41
EURXRP,"2022-03-01, 18:31:51",bid,1.339,12.8
EURXRP,"2022-03-01, 18:31:51",bid,1.3368,1.35
EURXRP,"2022-03-01, 18:31:51",bid,1.33,40.41
EURXRP,"2022-03-01, 18:31:51",bid,1.32,40.41
EURXRP,"2022-03-01, 18:31:51",bid,1.31,40.4
EURXRP,"2022-03-01, 18:31:51",bid,1.3,156.21
EURXRP,"2022-03-01, 18:31:51",bid,1.29,40.4
EURXRP,"2022-03-01, 18:31:51",bid,1.2874,1.35
EURXRP,"2022-03-01, 18:31:51",bid,1.28,40.41
EURXRP,"2022-03-01, 18:31:51",bid,1.27,40.41
EURXRP,"2022-03-01, 18:31:51",bid,1.263,140.21
EURXRP,"2022-03-01, 18:31:51",bid,1.26,40.41
EURXRP,"2022-03-01, 18:31:51",bid,1.25,220.41
EURXRP,"2022-03-01, 18:31:51",bid,1.24,32.09
EURXRP,"2022-03-01, 18:31:51",bid,1.23,14.35
EURXRP,"2022-03-01, 18:31:51",bid,1.22,42.75
EURXRP,"2022-03-01, 18:31:51",bid,1.21,10.15
EURXRP,"2022-03-01, 18:31:51",bid,1.2,559.26
EURXRP,"2022-03-01, 18:31:51",bid,1.195,500.0
EURXRP,"2022-03-01, 18:31:51",bid,1.19,4793.51
EURXRP,"2022-03-01, 18:31:51",bid,1.18,43.85
EURXRP,"2022-03-01, 18:31:51",bid,1.17,332.31
EURXRP,"2022-03-01, 18:31:51",bid,1.16,44.45
EURXRP,"2022-03-01, 18:31:51",bid,1.1501,500.0
EURXRP,"2022-03-01, 18:31:51",bid,1.15,720.15
EURXRP,"2022-03-01, 18:31:51",bid,1.14,45.05
EURXRP,"2022-03-01, 18:31:51",bid,1.13,10.15
EURXRP,"2022-03-01, 18:31:51",bid,1.12,45.65
EURXRP,"2022-03-01, 18:31:51",bid,1.11,10.15
EURXRP,"2022-03-01, 18:31:51",bid,1.1,2194.7
EURXRP,"2022-03-01, 18:31:51",bid,1.09,10.15
EURXRP,"2022-03-01, 18:31:51",bid,1.08,47.15
EURXRP,"2022-03-01, 18:31:51",bid,1.07,82.1
EURXRP,"2022-03-01, 18:31:51",bid,1.06,428.25
EURXRP,"2022-03-01, 18:31:51",bid,1.05,783.07
EURXRP,"2022-03-01, 18:31:51",bid,1.04,121.67
EURXRP,"2022-03-01, 18:31:51",bid,1.03,84.08
EURXRP,"2022-03-01, 18:31:51",bid,1.02,123.8
EURXRP,"2022-03-01, 18:31:51",bid,1.01,85.13
EURXRP,"2022-03-01, 18:31:51",bid,1.0,6899.73
EURXRP,"2022-03-01, 18:31:51",bid,0.99,86.21
EURXRP,"2022-03-01, 18:31:51",bid,0.98,126.98
EURXRP,"2022-03-01, 18:31:51",bid,0.97,31.22
EURXRP,"2022-03-01, 18:31:51",bid,0.96,128.93
EURXRP,"2022-03-01, 18:31:51",bid,0.951,820.89
EURXRP,"2022-03-01, 18:31:51",bid,0.95,198.53
EURXRP,"2022-03-01, 18:31:51",bid,0.94,131.14
EURXRP,"2022-03-01, 18:31:51",bid,0.93,89.76
EURXRP,"2022-03-01, 18:31:51",bid,0.92,134.4
EURXRP,"2022-03-01, 18:31:51",bid,0.91,91.05
EURXRP,"2022-03-01, 18:31:51",bid,0.9,12243.26
EURXRP,"2022-03-01, 18:31:51",bid,0.89,1388.55
EURXRP,"2022-03-01, 18:31:51",bid,0.88,493.09
EURXRP,"2022-03-01, 18:31:51",bid,0.87,1924.31
EURXRP,"2022-03-01, 18:31:51",bid,0.86,1254.39
EURXRP,"2022-03-01, 18:31:51",bid,0.85,10690.6
EURXRP,"2022-03-01, 18:31:51",bid,0.84,46.32
EURXRP,"2022-03-01, 18:31:51",bid,0.83,23193.65
EURXRP,"2022-03-01, 18:31:51",bid,0.82,325.4
EURXRP,"2022-03-01, 18:31:51",bid,0.81,35.34
EURXRP,"2022-03-01, 18:31:51",bid,0.8,7078.16
EURXRP,"2022-03-01, 18:31:51",bid,0.79,113.98
EURXRP,"2022-03-01, 18:31:51",bid,0.78,114.04
EURXRP,"2022-03-01, 18:31:51",bid,0.77,765.04
EURXRP,"2022-03-01, 18:31:51",bid,0.76,1505.58
EURXRP,"2022-03-01, 18:31:51",bid,0.75,306.51
EURXRP,"2022-03-01, 18:31:51",bid,0.74,1275.28
EURXRP,"2022-03-01, 18:31:51",bid,0.73,279.99
EURXRP,"2022-03-01, 18:31:51",bid,0.72,280.06
EURXRP,"2022-03-01, 18:31:51",bid,0.71,521.74
EURXRP,"2022-03-01, 18:31:51",bid,0.7,7048.68
EURXRP,"2022-03-01, 18:31:51",bid,0.69,228.33
EURXRP,"2022-03-01, 18:31:51",bid,0.68,15.1
EURXRP,"2022-03-01, 18:31:51",bid,0.67,15.03
EURXRP,"2022-03-01, 18:31:51",bid,0.66,1005.1
EURXRP,"2022-03-01, 18:31:51",bid,0.65,15.03
EURXRP,"2022-03-01, 18:31:51",bid,0.64,15.1
EURXRP,"2022-03-01, 18:31:51",bid,0.63,15.03
EURXRP,"2022-03-01, 18:31:51",bid,0.62,2515.1
EURXRP,"2022-03-01, 18:31:51",bid,0.61,275.03
EURXRP,"2022-03-01, 18:31:51",bid,0.6,15843.91
EURXRP,"2022-03-01, 18:31:51",bid,0.58,1000.0
EURXRP,"2022-03-01, 18:31:51",bid,0.57,100.0
EURXRP,"2022-03-01, 18:31:51",bid,0.56,10000.0
EURXRP,"2022-03-01, 18:31:51",bid,0.55,20439.34
EURXRP,"2022-03-01, 18:31:51",bid,0.53,4845.25
EURXRP,"2022-03-01, 18:31:51",bid,0.52,15000.0
EURXRP,"2022-03-01, 18:31:51",bid,0.5,33017.0
EURXRP,"2022-03-01, 18:31:51",bid,0.49,1375.0
EURXRP,"2022-03-01, 18:31:51",bid,0.48,11200.0
EURXRP,"2022-03-01, 18:31:51",bid,0.46,10050.0
EURXRP,"2022-03-01, 18:31:51",bid,0.45,100.0
EURXRP,"2022-03-01, 18:31:51",bid,0.44,10000.0
EURXRP,"2022-03-01, 18:31:51",bid,0.42,20200.0
EURXRP,"2022-03-01, 18:31:51",bid,0.41,25000.0
EURXRP,"2022-03-01, 18:31:51",bid,0.4,34085.5
EURXRP,"2022-03-01, 18:31:51",bid,0.39,20900.0
EURXRP,"2022-03-01, 18:31:51",bid,0.38,15000.0
EURXRP,"2022-03-01, 18:31:51",bid,0.37,1063.98
EURXRP,"2022-03-01, 18:31:51",bid,0.36,400.0
EURXRP,"2022-03-01, 18:31:51",bid,0.35,17988.0
EURXRP,"2022-03-01, 18:31:51",bid,0.34,700.0
EURXRP,"2022-03-01, 18:31:51",bid,0.33,500.0
EURXRP,"2022-03-01, 18:31:51",bid,0.3,16166.0
EURXRP,"2022-03-01, 18:31:51",bid,0.26,439.67
EURXRP,"2022-03-01, 18:31:51",bid,0.25,1315.0
EURXRP,"2022-03-01, 18:31:51",bid,0.22,4610.0
EURXRP,"2022-03-01, 18:31:51",bid,0.2,1034.81
EURXRP,"2022-03-01, 18:31:51",bid,0.19,3700.0
EURXRP,"2022-03-01, 18:31:51",bid,0.1,96010.94
EURXRP,"2022-03-01, 18:31:51",bid,0.09,260.0
EURXRP,"2022-03-01, 18:31:51",bid,0.01,30482.07
LTCEUR,"2022-03-01, 18:31:51",ask,101.13,0.56
LTCEUR,"2022-03-01, 18:31:51",ask,101.16,15.54
LTCEUR,"2022-03-01, 18:31:51",ask,101.63,2.31
LTCEUR,"2022-03-01, 18:31:51",ask,101.64,1.12
LTCEUR,"2022-03-01, 18:31:51",ask,101.65,94.34
LTCEUR,"2022-03-01, 18:31:51",ask,101.66,1.42
LTCEUR,"2022-03-01, 18:31:51",ask,101.67,29.08
LTCEUR,"2022-03-01, 18:31:51",ask,101.84,0.36
LTCEUR,"2022-03-01, 18:31:51",ask,101.87,0.6
LTCEUR,"2022-03-01, 18:31:51",ask,101.92,0.53
LTCEUR,"2022-03-01, 18:31:51",ask,102.01,5.89
LTCEUR,"2022-03-01, 18:31:51",ask,102.03,0.22
LTCEUR,"2022-03-01, 18:31:51",ask,102.2,0.16
LTCEUR,"2022-03-01, 18:31:51",ask,102.24,4.97
LTCEUR,"2022-03-01, 18:31:51",ask,102.28,0.15
LTCEUR,"2022-03-01, 18:31:51",ask,102.35,0.19
LTCEUR,"2022-03-01, 18:31:51",ask,102.37,1.47
LTCEUR,"2022-03-01, 18:31:51",ask,102.39,0.6
LTCEUR,"2022-03-01, 18:31:51",ask,102.44,0.53
LTCEUR,"2022-03-01, 18:31:51",ask,102.55,0.16
LTCEUR,"2022-03-01, 18:31:51",ask,102.68,0.15
LTCEUR,"2022-03-01, 18:31:51",ask,102.91,0.16
LTCEUR,"2022-03-01, 18:31:51",ask,102.95,0.11
LTCEUR,"2022-03-01, 18:31:51",ask,103.0,4.33
LTCEUR,"2022-03-01, 18:31:51",ask,103.09,0.15
LTCEUR,"2022-03-01, 18:31:51",ask,103.2,0.21
LTCEUR,"2022-03-01, 18:31:51",ask,103.27,0.16
LTCEUR,"2022-03-01, 18:31:51",ask,103.37,0.38
LTCEUR,"2022-03-01, 18:31:51",ask,103.51,0.15
LTCEUR,"2022-03-01, 18:31:51",ask,103.63,0.16
LTCEUR,"2022-03-01, 18:31:51",ask,103.76,0.1
LTCEUR,"2022-03-01, 18:31:51",ask,103.78,0.15
LTCEUR,"2022-03-01, 18:31:51",ask,103.9,0.37
LTCEUR,"2022-03-01, 18:31:51",ask,103.92,0.15
LTCEUR,"2022-03-01, 18:31:51",ask,103.96,0.11
LTCEUR,"2022-03-01, 18:31:51",ask,103.99,0.16
LTCEUR,"2022-03-01, 18:31:51",ask,104.0,0.18
LTCEUR,"2022-03-01, 18:31:51",ask,104.08,0.1
LTCEUR,"2022-03-01, 18:31:51",ask,104.31,0.1
LTCEUR,"2022-03-01, 18:31:51",ask,104.33,0.14
LTCEUR,"2022-03-01, 18:31:51",ask,104.35,0.16
LTCEUR,"2022-03-01, 18:31:51",ask,104.39,0.21
LTCEUR,"2022-03-01, 18:31:51",ask,104.5,0.1
LTCEUR,"2022-03-01, 18:31:51",ask,104.68,3.93
LTCEUR,"2022-03-01, 18:31:51",ask,104.72,0.16
LTCEUR,"2022-03-01, 18:31:51",ask,104.76,0.14
LTCEUR,"2022-03-01, 18:31:51",ask,105.0,1.0
LTCEUR,"2022-03-01, 18:31:51",ask,105.09,0.16
LTCEUR,"2022-03-01, 18:31:51",ask,105.17,0.14
LTCEUR,"2022-03-01, 18:31:51",ask,105.45,0.16
LTCEUR,"2022-03-01, 18:31:51",ask,105.58,0.52
LTCEUR,"2022-03-01, 18:31:51",ask,105.59,0.35
LTCEUR,"2022-03-01, 18:31:51",ask,105.82,0.16
LTCEUR,"2022-03-01, 18:31:51",ask,105.9,0.1
LTCEUR,"2022-03-01, 18:31:51",ask,106.02,0.14
LTCEUR,"2022-03-01, 18:31:51",ask,106.2,0.16
LTCEUR,"2022-03-01, 18:31:51",ask,106.44,0.14
LTCEUR,"2022-03-01, 18:31:51",ask,106.56,0.16
LTCEUR,"2022-03-01, 18:31:51",ask,106.6,0.27
LTCEUR,"2022-03-01, 18:31:51",ask,106.86,0.14
LTCEUR,"2022-03-01, 18:31:51",ask,106.91,0.17
LTCEUR,"2022-03-01, 18:31:51",ask,106.93,0.16
LTCEUR,"2022-03-01, 18:31:51",ask,107.3,0.3
LTCEUR,"2022-03-01, 18:31:51",ask,107.68,0.65
LTCEUR,"2022-03-01, 18:31:51",ask,107.69,0.16
LTCEUR,"2022-03-01, 18:31:51",ask,107.72,0.14
LTCEUR,"2022-03-01, 18:31:51",ask,108.0,0.8
LTCEUR,"2022-03-01, 18:31:51",ask,108.06,0.32
LTCEUR,"2022-03-01, 18:31:51",ask,108.15,0.14
LTCEUR,"2022-03-01, 18:31:51",ask,108.43,0.3
LTCEUR,"2022-03-01, 18:31:51",ask,108.54,23.34
LTCEUR,"2022-03-01, 18:31:51",ask,108.59,0.14
LTCEUR,"2022-03-01, 18:31:51",ask,108.82,0.15
LTCEUR,"2022-03-01, 18:31:51",ask,109.0,0.18
LTCEUR,"2022-03-01, 18:31:51",ask,109.02,0.14
LTCEUR,"2022-03-01, 18:31:51",ask,109.18,0.15
LTCEUR,"2022-03-01, 18:31:51",ask,109.2,0.15
LTCEUR,"2022-03-01, 18:31:51",ask,109.45,0.14
LTCEUR,"2022-03-01, 18:31:51",ask,109.58,0.15
LTCEUR,"2022-03-01, 18:31:51",ask,109.65,3.79
LTCEUR,"2022-03-01, 18:31:51",ask,109.76,0.16
LTCEUR,"2022-03-01, 18:31:51",ask,109.85,0.46
LTCEUR,"2022-03-01, 18:31:51",ask,109.9,0.14
LTCEUR,"2022-03-01, 18:31:51",ask,109.96,0.15
LTCEUR,"2022-03-01, 18:31:51",ask,110.33,0.14
LTCEUR,"2022-03-01, 18:31:51",ask,110.35,0.15
LTCEUR,"2022-03-01, 18:31:51",ask,110.52,0.18
LTCEUR,"2022-03-01, 18:31:51",ask,110.73,0.15
LTCEUR,"2022-03-01, 18:31:51",ask,110.77,0.14
LTCEUR,"2022-03-01, 18:31:51",ask,110.82,0.1
LTCEUR,"2022-03-01, 18:31:51",ask,110.96,0.23
LTCEUR,"2022-03-01, 18:31:51",ask,111.0,0.65
LTCEUR,"2022-03-01, 18:31:51",ask,111.11,0.15
LTCEUR,"2022-03-01, 18:31:51",ask,111.12,0.13
LTCEUR,"2022-03-01, 18:31:51",ask,111.22,0.14
LTCEUR,"2022-03-01, 18:31:51",ask,111.23,0.13
LTCEUR,"2022-03-01, 18:31:51",ask,111.38,0.1
LTCEUR,"2022-03-01, 18:31:51",ask,111.51,0.15
LTCEUR,"2022-03-01, 18:31:51",ask,111.52,0.23
LTCEUR,"2022-03-01, 18:31:51",ask,111.65,0.6
LTCEUR,"2022-03-01, 18:31:51",ask,111.66,0.14
LTCEUR,"2022-03-01, 18:31:51",ask,111.89,0.3
LTCEUR,"2022-03-01, 18:31:51",ask,112.12,0.14
LTCEUR,"2022-03-01, 18:31:51",ask,112.28,0.15
LTCEUR,"2022-03-01, 18:31:51",ask,112.36,0.15
LTCEUR,"2022-03-01, 18:31:51",ask,112.39,0.14
LTCEUR,"2022-03-01, 18:31:51",ask,112.4,0.5
LTCEUR,"2022-03-01, 18:31:51",ask,112.48,0.25
LTCEUR,"2022-03-01, 18:31:51",ask,112.52,0.13
LTCEUR,"2022-03-01, 18:31:51",ask,112.56,0.14
LTCEUR,"2022-03-01, 18:31:51",ask,112.67,0.15
LTCEUR,"2022-03-01, 18:31:51",ask,112.92,0.15
LTCEUR,"2022-03-01, 18:31:51",ask,112.95,0.14
LTCEUR,"2022-03-01, 18:31:51",ask,113.0,0.6
LTCEUR,"2022-03-01, 18:31:51",ask,113.01,0.14
LTCEUR,"2022-03-01, 18:31:51",ask,113.07,0.15
LTCEUR,"2022-03-01, 18:31:51",ask,113.46,0.15
LTCEUR,"2022-03-01, 18:31:51",ask,113.47,0.14
LTCEUR,"2022-03-01, 18:31:51",ask,113.56,0.16
LTCEUR,"2022-03-01, 18:31:51",ask,113.72,2.54
LTCEUR,"2022-03-01, 18:31:51",ask,113.84,0.13
LTCEUR,"2022-03-01, 18:31:51",ask,113.86,0.15
LTCEUR,"2022-03-01, 18:31:51",ask,113.92,0.14
LTCEUR,"2022-03-01, 18:31:51",ask,114.26,0.15
LTCEUR,"2022-03-01, 18:31:51",ask,114.37,0.14
LTCEUR,"2022-03-01, 18:31:51",ask,114.41,5.59
LTCEUR,"2022-03-01, 18:31:51",ask,114.5,0.46
LTCEUR,"2022-03-01, 18:31:51",ask,114.66,0.15
LTCEUR,"2022-03-01, 18:31:51",ask,114.83,0.14
LTCEUR,"2022-03-01, 18:31:51",ask,115.05,0.14
LTCEUR,"2022-03-01, 18:31:51",ask,115.06,0.15
LTCEUR,"2022-03-01, 18:31:51",ask,115.16,0.13
LTCEUR,"2022-03-01, 18:31:51",ask,115.29,0.14
LTCEUR,"2022-03-01, 18:31:51",ask,115.35,0.31
LTCEUR,"2022-03-01, 18:31:51",ask,115.45,0.15
LTCEUR,"2022-03-01, 18:31:51",ask,115.51,0.26
LTCEUR,"2022-03-01, 18:31:51",ask,115.63,0.38
LTCEUR,"2022-03-01, 18:31:51",ask,115.67,0.1
LTCEUR,"2022-03-01, 18:31:51",ask,115.68,0.16
LTCEUR,"2022-03-01, 18:31:51",ask,115.75,0.14
LTCEUR,"2022-03-01, 18:31:51",ask,115.86,0.3
LTCEUR,"2022-03-01, 18:31:51",ask,116.22,0.14
LTCEUR,"2022-03-01, 18:31:51",ask,116.27,0.28
LTCEUR,"2022-03-01, 18:31:51",ask,116.31,0.21
LTCEUR,"2022-03-01, 18:31:51",ask,116.42,3.65
LTCEUR,"2022-03-01, 18:31:51",ask,116.51,0.13
LTCEUR,"2022-03-01, 18:31:51",ask,116.62,2.58
LTCEUR,"2022-03-01, 18:31:51",ask,116.67,0.14
LTCEUR,"2022-03-01, 18:31:51",ask,116.68,0.14
LTCEUR,"2022-03-01, 18:31:51",ask,116.89,0.21
LTCEUR,"2022-03-01, 18:31:51",ask,117.0,17.73
LTCEUR,"2022-03-01, 18:31:51",ask,117.08,0.14
LTCEUR,"2022-03-01, 18:31:51",ask,117.15,0.14
LTCEUR,"2022-03-01, 18:31:51",ask,117.3,0.25
LTCEUR,"2022-03-01, 18:31:51",ask,117.49,0.14
LTCEUR,"2022-03-01, 18:31:51",ask,117.53,0.29
LTCEUR,"2022-03-01, 18:31:51",ask,117.62,0.14
LTCEUR,"2022-03-01, 18:31:51",ask,117.71,0.33
LTCEUR,"2022-03-01, 18:31:51",ask,117.87,0.13
LTCEUR,"2022-03-01, 18:31:51",ask,117.9,0.14
LTCEUR,"2022-03-01, 18:31:51",ask,117.98,0.22
LTCEUR,"2022-03-01, 18:31:51",ask,118.18,0.17
LTCEUR,"2022-03-01, 18:31:51",ask,118.2,0.27
LTCEUR,"2022-03-01, 18:31:51",ask,118.31,0.14
LTCEUR,"2022-03-01, 18:31:51",ask,118.4,1.24
LTCEUR,"2022-03-01, 18:31:51",ask,118.45,1.49
LTCEUR,"2022-03-01, 18:31:51",ask,118.51,0.29
LTCEUR,"2022-03-01, 18:31:51",ask,118.73,0.14
LTCEUR,"2022-03-01, 18:31:51",ask,119.14,0.14
LTCEUR,"2022-03-01, 18:31:51",ask,119.24,0.13
LTCEUR,"2022-03-01, 18:31:51",ask,119.46,0.28
LTCEUR,"2022-03-01, 18:31:51",ask,119.56,0.14
LTCEUR,"2022-03-01, 18:31:51",ask,119.97,0.14
LTCEUR,"2022-03-01, 18:31:51",ask,120.0,2.0
LTCEUR,"2022-03-01, 18:31:51",ask,120.39,0.14
LTCEUR,"2022-03-01, 18:31:51",ask,120.64,0.13
LTCEUR,"2022-03-01, 18:31:51",ask,120.81,0.14
LTCEUR,"2022-03-01, 18:31:51",ask,121.24,0.14
LTCEUR,"2022-03-01, 18:31:51",ask,121.66,0.14
LTCEUR,"2022-03-01, 18:31:51",ask,121.98,25.94
LTCEUR,"2022-03-01, 18:31:51",ask,122.05,0.13
LTCEUR,"2022-03-01, 18:31:51",ask,122.08,0.14
LTCEUR,"2022-03-01, 18:31:51",ask,122.2,0.96
LTCEUR,"2022-03-01, 18:31:51",ask,122.51,0.14
LTCEUR,"2022-03-01, 18:31:51",ask,122.94,0.27
LTCEUR,"2022-03-01, 18:31:51",ask,123.0,0.39
LTCEUR,"2022-03-01, 18:31:51",ask,123.36,0.14
LTCEUR,"2022-03-01, 18:31:51",ask,123.47,0.13
LTCEUR,"2022-03-01, 18:31:51",ask,123.49,0.2
LTCEUR,"2022-03-01, 18:31:51",ask,123.8,0.13
LTCEUR,"2022-03-01, 18:31:51",ask,123.9,0.4
LTCEUR,"2022-03-01, 18:31:51",ask,124.0,0.55
LTCEUR,"2022-03-01, 18:31:51",ask,124.1,0.2
LTCEUR,"2022-03-01, 18:31:51",ask,124.23,0.13
LTCEUR,"2022-03-01, 18:31:51",ask,124.65,0.19
LTCEUR,"2022-03-01, 18:31:51",ask,124.66,0.13
LTCEUR,"2022-03-01, 18:31:51",ask,124.91,0.13
LTCEUR,"2022-03-01, 18:31:51",ask,125.04,0.17
LTCEUR,"2022-03-01, 18:31:51",ask,125.1,0.26
LTCEUR,"2022-03-01, 18:31:51",ask,125.38,0.25
LTCEUR,"2022-03-01, 18:31:51",ask,125.53,0.26
LTCEUR,"2022-03-01, 18:31:51",ask,125.78,0.15
LTCEUR,"2022-03-01, 18:31:51",ask,125.97,0.15
LTCEUR,"2022-03-01, 18:31:51",ask,126.0,0.25
LTCEUR,"2022-03-01, 18:31:51",ask,126.03,0.21
LTCEUR,"2022-03-01, 18:31:51",ask,126.15,0.2
LTCEUR,"2022-03-01, 18:31:51",ask,126.16,0.24
LTCEUR,"2022-03-01, 18:31:51",ask,126.36,0.13
LTCEUR,"2022-03-01, 18:31:51",ask,126.37,0.16
LTCEUR,"2022-03-01, 18:31:51",ask,126.42,0.15
LTCEUR,"2022-03-01, 18:31:51",ask,126.63,0.56
LTCEUR,"2022-03-01, 18:31:51",ask,126.83,0.18
LTCEUR,"2022-03-01, 18:31:51",ask,126.85,0.15
LTCEUR,"2022-03-01, 18:31:51",ask,126.97,0.23
LTCEUR,"2022-03-01, 18:31:51",ask,127.0,0.8
LTCEUR,"2022-03-01, 18:31:51",ask,127.04,0.29
LTCEUR,"2022-03-01, 18:31:51",ask,127.29,0.28
LTCEUR,"2022-03-01, 18:31:51",ask,127.44,0.16
LTCEUR,"2022-03-01, 18:31:51",ask,127.66,0.38
LTCEUR,"2022-03-01, 18:31:51",ask,127.75,0.15
LTCEUR,"2022-03-01, 18:31:51",ask,127.84,0.13
LTCEUR,"2022-03-01, 18:31:51",ask,128.07,0.18
LTCEUR,"2022-03-01, 18:31:51",ask,128.19,0.15
LTCEUR,"2022-03-01, 18:31:51",ask,128.63,0.15
LTCEUR,"2022-03-01, 18:31:51",ask,128.8,0.11
LTCEUR,"2022-03-01, 18:31:51",ask,129.09,0.15
LTCEUR,"2022-03-01, 18:31:51",ask,129.33,0.13
LTCEUR,"2022-03-01, 18:31:51",ask,129.45,0.11
LTCEUR,"2022-03-01, 18:31:51",ask,129.46,0.12
LTCEUR,"2022-03-01, 18:31:51",ask,129.54,0.28
LTCEUR,"2022-03-01, 18:31:51",ask,129.98,0.28
LTCEUR,"2022-03-01, 18:31:51",ask,130.0,39.95
LTCEUR,"2022-03-01, 18:31:51",ask,130.09,0.12
LTCEUR,"2022-03-01, 18:31:51",ask,130.17,0.13
LTCEUR,"2022-03-01, 18:31:51",ask,130.37,0.74
LTCEUR,"2022-03-01, 18:31:51",ask,130.49,0.26
LTCEUR,"2022-03-01, 18:31:51",ask,130.83,0.13
LTCEUR,"2022-03-01, 18:31:51",ask,130.84,0.13
LTCEUR,"2022-03-01, 18:31:51",ask,131.02,0.24
LTCEUR,"2022-03-01, 18:31:51",ask,131.89,0.14
LTCEUR,"2022-03-01, 18:31:51",ask,132.37,0.13
LTCEUR,"2022-03-01, 18:31:51",ask,132.86,0.13
LTCEUR,"2022-03-01, 18:31:51",ask,133.41,0.14
LTCEUR,"2022-03-01, 18:31:51",ask,133.91,0.13
LTCEUR,"2022-03-01, 18:31:51",ask,134.47,0.13
LTCEUR,"2022-03-01, 18:31:51",ask,134.97,0.1
LTCEUR,"2022-03-01, 18:31:51",ask,135.08,0.17
LTCEUR,"2022-03-01, 18:31:51",ask,135.14,0.13
LTCEUR,"2022-03-01, 18:31:51",ask,135.17,0.15
LTCEUR,"2022-03-01, 18:31:51",ask,135.2,0.23
LTCEUR,"2022-03-01, 18:31:51",ask,135.31,0.21
LTCEUR,"2022-03-01, 18:31:51",ask,135.44,0.16
LTCEUR,"2022-03-01, 18:31:51",ask,135.47,0.29
LTCEUR,"2022-03-01, 18:31:51",ask,135.52,0.44
LTCEUR,"2022-03-01, 18:31:51",ask,135.66,0.29
LTCEUR,"2022-03-01, 18:31:51",ask,135.73,0.1
LTCEUR,"2022-03-01, 18:31:51",ask,135.98,0.22
LTCEUR,"2022-03-01, 18:31:51",ask,136.0,0.8
LTCEUR,"2022-03-01, 18:31:51",ask,136.15,0.22
LTCEUR,"2022-03-01, 18:31:51",ask,136.26,0.15
LTCEUR,"2022-03-01, 18:31:51",ask,136.56,3.57
LTCEUR,"2022-03-01, 18:31:51",ask,136.66,0.11
LTCEUR,"2022-03-01, 18:31:51",ask,137.06,0.13
LTCEUR,"2022-03-01, 18:31:51",ask,137.16,0.11
LTCEUR,"2022-03-01, 18:31:51",ask,137.91,0.14
LTCEUR,"2022-03-01, 18:31:51",ask,138.0,0.8
LTCEUR,"2022-03-01, 18:31:51",ask,138.1,0.18
LTCEUR,"2022-03-01, 18:31:51",ask,138.21,0.11
LTCEUR,"2022-03-01, 18:31:51",ask,138.65,0.13
LTCEUR,"2022-03-01, 18:31:51",ask,138.9,0.12
LTCEUR,"2022-03-01, 18:31:51",ask,139.6,0.12
LTCEUR,"2022-03-01, 18:31:51",ask,140.14,0.15
LTCEUR,"2022-03-01, 18:31:51",ask,140.27,0.13
LTCEUR,"2022-03-01, 18:31:51",ask,140.9,4.62
LTCEUR,"2022-03-01, 18:31:51",ask,140.91,0.24
LTCEUR,"2022-03-01, 18:31:51",ask,140.99,0.18
LTCEUR,"2022-03-01, 18:31:51",ask,141.7,0.18
LTCEUR,"2022-03-01, 18:31:51",ask,141.91,0.13
LTCEUR,"2022-03-01, 18:31:51",ask,142.25,5.46
LTCEUR,"2022-03-01, 18:31:51",ask,142.26,0.31
LTCEUR,"2022-03-01, 18:31:51",ask,142.28,0.11
LTCEUR,"2022-03-01, 18:31:51",ask,142.33,6.96
LTCEUR,"2022-03-01, 18:31:51",ask,142.72,0.44
LTCEUR,"2022-03-01, 18:31:51",ask,142.73,0.41
LTCEUR,"2022-03-01, 18:31:51",ask,142.75,7.25
LTCEUR,"2022-03-01, 18:31:51",ask,142.8,0.18
LTCEUR,"2022-03-01, 18:31:51",ask,142.93,9.65
LTCEUR,"2022-03-01, 18:31:51",ask,143.51,0.23
LTCEUR,"2022-03-01, 18:31:51",ask,143.57,0.13
LTCEUR,"2022-03-01, 18:31:51",ask,143.59,0.23
LTCEUR,"2022-03-01, 18:31:51",ask,144.1,0.1
LTCEUR,"2022-03-01, 18:31:51",ask,144.22,0.23
LTCEUR,"2022-03-01, 18:31:51",ask,144.6,0.12
LTCEUR,"2022-03-01, 18:31:51",ask,144.65,0.13
LTCEUR,"2022-03-01, 18:31:51",ask,144.73,0.24
LTCEUR,"2022-03-01, 18:31:51",ask,144.77,0.17
LTCEUR,"2022-03-01, 18:31:51",ask,144.83,0.1
LTCEUR,"2022-03-01, 18:31:51",ask,144.94,0.19
LTCEUR,"2022-03-01, 18:31:51",ask,144.96,0.33
LTCEUR,"2022-03-01, 18:31:51",ask,145.0,2.2
LTCEUR,"2022-03-01, 18:31:51",ask,145.12,0.31
LTCEUR,"2022-03-01, 18:31:51",ask,145.24,0.13
LTCEUR,"2022-03-01, 18:31:51",ask,145.25,0.1
LTCEUR,"2022-03-01, 18:31:51",ask,145.29,0.18
LTCEUR,"2022-03-01, 18:31:51",ask,145.34,0.18
LTCEUR,"2022-03-01, 18:31:51",ask,145.4,0.13
LTCEUR,"2022-03-01, 18:31:51",ask,145.47,0.13
LTCEUR,"2022-03-01, 18:31:51",ask,145.49,1.78
LTCEUR,"2022-03-01, 18:31:51",ask,145.63,0.12
LTCEUR,"2022-03-01, 18:31:51",ask,145.69,0.21
LTCEUR,"2022-03-01, 18:31:51",ask,145.72,0.11
LTCEUR,"2022-03-01, 18:31:51",ask,145.74,0.13
LTCEUR,"2022-03-01, 18:31:51",ask,145.94,0.14
LTCEUR,"2022-03-01, 18:31:51",ask,145.98,0.14
LTCEUR,"2022-03-01, 18:31:51",ask,146.07,0.18
LTCEUR,"2022-03-01, 18:31:51",ask,146.3,0.21
LTCEUR,"2022-03-01, 18:31:51",ask,146.41,0.46
LTCEUR,"2022-03-01, 18:31:51",ask,146.54,0.18
LTCEUR,"2022-03-01, 18:31:51",ask,146.63,0.27
LTCEUR,"2022-03-01, 18:31:51",ask,146.76,0.18
LTCEUR,"2022-03-01, 18:31:51",ask,146.93,0.13
LTCEUR,"2022-03-01, 18:31:51",ask,147.13,0.5
LTCEUR,"2022-03-01, 18:31:51",ask,147.36,0.52
LTCEUR,"2022-03-01, 18:31:51",ask,148.65,0.13
LTCEUR,"2022-03-01, 18:31:51",ask,150.0,4.33
LTCEUR,"2022-03-01, 18:31:51",ask,150.38,0.13
LTCEUR,"2022-03-01, 18:31:51",ask,152.14,0.13
LTCEUR,"2022-03-01, 18:31:51",ask,152.65,0.44
LTCEUR,"2022-03-01, 18:31:51",ask,153.91,0.13
LTCEUR,"2022-03-01, 18:31:51",ask,155.0,14.0
LTCEUR,"2022-03-01, 18:31:51",ask,155.01,4.04
LTCEUR,"2022-03-01, 18:31:51",ask,158.0,1.0
LTCEUR,"2022-03-01, 18:31:51",ask,158.99,2.35
LTCEUR,"2022-03-01, 18:31:51",ask,160.0,0.89
LTCEUR,"2022-03-01, 18:31:51",ask,160.16,0.23
LTCEUR,"2022-03-01, 18:31:51",ask,160.97,0.23
LTCEUR,"2022-03-01, 18:31:51",ask,162.23,0.11
LTCEUR,"2022-03-01, 18:31:51",ask,162.75,0.11
LTCEUR,"2022-03-01, 18:31:51",ask,164.1,0.12
LTCEUR,"2022-03-01, 18:31:51",ask,164.54,0.23
LTCEUR,"2022-03-01, 18:31:51",ask,165.0,1.9
LTCEUR,"2022-03-01, 18:31:51",ask,165.57,0.38
LTCEUR,"2022-03-01, 18:31:51",ask,167.25,0.19
LTCEUR,"2022-03-01, 18:31:51",ask,168.09,0.19
LTCEUR,"2022-03-01, 18:31:51",ask,168.83,0.17
LTCEUR,"2022-03-01, 18:31:51",ask,168.93,0.51
LTCEUR,"2022-03-01, 18:31:51",ask,169.46,0.16
LTCEUR,"2022-03-01, 18:31:51",ask,169.77,0.58
LTCEUR,"2022-03-01, 18:31:51",ask,170.0,0.1
LTCEUR,"2022-03-01, 18:31:51",ask,170.18,0.28
LTCEUR,"2022-03-01, 18:31:51",ask,170.31,0.16
LTCEUR,"2022-03-01, 18:31:51",ask,171.48,0.29
LTCEUR,"2022-03-01, 18:31:51",ask,172.34,0.29
LTCEUR,"2022-03-01, 18:31:51",ask,173.72,0.31
LTCEUR,"2022-03-01, 18:31:51",ask,174.56,0.19
LTCEUR,"2022-03-01, 18:31:51",ask,175.0,3.41
LTCEUR,"2022-03-01, 18:31:51",ask,175.44,0.19
LTCEUR,"2022-03-01, 18:31:51",ask,176.05,0.14
LTCEUR,"2022-03-01, 18:31:51",ask,177.0,2.27
LTCEUR,"2022-03-01, 18:31:51",ask,179.03,0.72
LTCEUR,"2022-03-01, 18:31:51",ask,179.33,0.2
LTCEUR,"2022-03-01, 18:31:51",ask,180.0,2.05
LTCEUR,"2022-03-01, 18:31:51",ask,180.23,0.2
LTCEUR,"2022-03-01, 18:31:51",ask,181.0,1.11
LTCEUR,"2022-03-01, 18:31:51",ask,181.67,0.1
LTCEUR,"2022-03-01, 18:31:51",ask,182.58,0.1
LTCEUR,"2022-03-01, 18:31:51",ask,183.93,0.41
LTCEUR,"2022-03-01, 18:31:51",ask,184.0,0.2
LTCEUR,"2022-03-01, 18:31:51",ask,184.14,0.15
LTCEUR,"2022-03-01, 18:31:51",ask,184.29,0.12
LTCEUR,"2022-03-01, 18:31:51",ask,185.07,0.15
LTCEUR,"2022-03-01, 18:31:51",ask,185.09,0.21
LTCEUR,"2022-03-01, 18:31:51",ask,185.3,0.14
LTCEUR,"2022-03-01, 18:31:51",ask,185.31,0.24
LTCEUR,"2022-03-01, 18:31:51",ask,185.37,0.24
LTCEUR,"2022-03-01, 18:31:51",ask,185.46,0.1
LTCEUR,"2022-03-01, 18:31:51",ask,185.57,0.19
LTCEUR,"2022-03-01, 18:31:51",ask,185.65,0.2
LTCEUR,"2022-03-01, 18:31:51",ask,186.0,1.08
LTCEUR,"2022-03-01, 18:31:51",ask,186.02,0.21
LTCEUR,"2022-03-01, 18:31:51",ask,186.37,0.17
LTCEUR,"2022-03-01, 18:31:51",ask,186.72,0.5
LTCEUR,"2022-03-01, 18:31:51",ask,186.96,0.14
LTCEUR,"2022-03-01, 18:31:51",ask,187.89,0.65
LTCEUR,"2022-03-01, 18:31:51",ask,187.91,0.14
LTCEUR,"2022-03-01, 18:31:51",ask,188.0,0.48
LTCEUR,"2022-03-01, 18:31:51",ask,188.27,0.15
LTCEUR,"2022-03-01, 18:31:51",ask,189.0,0.9
LTCEUR,"2022-03-01, 18:31:51",ask,189.22,0.15
LTCEUR,"2022-03-01, 18:31:51",ask,189.56,1.45
LTCEUR,"2022-03-01, 18:31:51",ask,189.59,0.36
LTCEUR,"2022-03-01, 18:31:51",ask,190.0,12.0
LTCEUR,"2022-03-01, 18:31:51",ask,190.62,0.19
LTCEUR,"2022-03-01, 18:31:51",ask,191.58,0.19
LTCEUR,"2022-03-01, 18:31:51",ask,192.0,10.53
LTCEUR,"2022-03-01, 18:31:51",ask,192.1,0.16
LTCEUR,"2022-03-01, 18:31:51",ask,192.12,0.16
LTCEUR,"2022-03-01, 18:31:51",ask,192.22,0.15
LTCEUR,"2022-03-01, 18:31:51",ask,192.27,1.29
LTCEUR,"2022-03-01, 18:31:51",ask,192.77,0.28
LTCEUR,"2022-03-01, 18:31:51",ask,192.9,4.36
LTCEUR,"2022-03-01, 18:31:51",ask,193.0,1.05
LTCEUR,"2022-03-01, 18:31:51",ask,193.11,0.32
LTCEUR,"2022-03-01, 18:31:51",ask,194.8,3.57
LTCEUR,"2022-03-01, 18:31:51",ask,195.0,1.0
LTCEUR,"2022-03-01, 18:31:51",ask,195.39,0.17
LTCEUR,"2022-03-01, 18:31:51",ask,196.05,0.1
LTCEUR,"2022-03-01, 18:31:51",ask,196.4,0.13
LTCEUR,"2022-03-01, 18:31:51",ask,197.0,1.02
LTCEUR,"2022-03-01, 18:31:51",ask,197.04,0.1
LTCEUR,"2022-03-01, 18:31:51",ask,197.19,0.21
LTCEUR,"2022-03-01, 18:31:51",ask,197.51,0.15
LTCEUR,"2022-03-01, 18:31:51",ask,198.27,0.12
LTCEUR,"2022-03-01, 18:31:51",ask,199.6,0.13
LTCEUR,"2022-03-01, 18:31:51",ask,200.0,10.5
LTCEUR,"2022-03-01, 18:31:51",ask,200.6,0.13
LTCEUR,"2022-03-01, 18:31:51",ask,200.95,0.29
LTCEUR,"2022-03-01, 18:31:51",ask,201.0,1.0
LTCEUR,"2022-03-01, 18:31:51",ask,201.75,0.14
LTCEUR,"2022-03-01, 18:31:51",ask,202.24,0.37
LTCEUR,"2022-03-01, 18:31:51",ask,203.0,12.97
